@article{Weinberg1967ALeptons,
    title = {{A Model of Leptons}},
    year = {1967},
    journal = {Physical Review Letters},
    author = {Weinberg, Steven},
    number = {21},
    month = {11},
    pages = {1264},
    volume = {19},
    publisher = {American Physical Society},
    url = {https://journals.aps.org/prl/abstract/10.1103/PhysRevLett.19.1264},
    doi = {10.1103/PhysRevLett.19.1264},
    issn = {00319007}
}

@article{Hocker2001AMatrix,
    title = {{A new approach to a global fit of the CKM matrix}},
    year = {2001},
    journal = {European Physical Journal C},
    author = {H{\"{o}}cker, A. and Lacker, H. and Laplace, S. and Diberder, F. Le},
    number = {2},
    month = {6},
    pages = {225--259},
    volume = {21},
    publisher = {Springer},
    url = {https://link.springer.com/article/10.1007/s100520100729},
    doi = {10.1007/S100520100729/METRICS},
    issn = {14346044},
    arxivId = {hep-ph/0104062},
    keywords = {Astronomy, Astrophysics and Cosmology, Elementary Particles, Hadrons, Heavy Ions, Measurement Science and Instrumentation, Nuclear Energy, Nuclear Physics, Quantum Field Theories, Quantum Field Theory, String Theory}
}

@article{Gell-Mann1964AMesons,
    title = {{A schematic model of baryons and mesons}},
    year = {1964},
    journal = {Physics Letters},
    author = {Gell-Mann, M.},
    number = {3},
    month = {2},
    pages = {214--215},
    volume = {8},
    publisher = {North-Holland},
    doi = {10.1016/S0031-9163(64)92001-3},
    issn = {0031-9163}
}

@article{Higgs1964BrokenBosons,
    title = {{Broken symmetries and the masses of gauge bosons}},
    year = {1964},
    journal = {Physical Review Letters},
    author = {Higgs, Peter W.},
    number = {16},
    month = {10},
    pages = {508--509},
    volume = {13},
    publisher = {American Physical Society},
    url = {https://journals.aps.org/prl/abstract/10.1103/PhysRevLett.13.508},
    doi = {10.1103/PHYSREVLETT.13.508/FIGURE/1/THUMB},
    issn = {00319007}
}

@article{Englert1964BrokenMesons,
    title = {{Broken symmetry and the mass of gauge vector mesons}},
    year = {1964},
    journal = {Physical Review Letters},
    author = {Englert, F. and Brout, R.},
    number = {9},
    month = {8},
    pages = {321--323},
    volume = {13},
    publisher = {American Physical Society},
    url = {https://journals.aps.org/prl/abstract/10.1103/PhysRevLett.13.321},
    doi = {10.1103/PHYSREVLETT.13.321/FIGURE/1/THUMB},
    issn = {00319007}
}

@misc{CKMfitter,
    title = {{CKMfitter}},
    url = {http://ckmfitter.in2p3.fr/www/results/plots_spring21/ckm_res_spring21.html}
}

@article{Charles2005CPFactories,
    title = {{CP violation and the CKM matrix: assessing the impact of the asymmetric B factories}},
    year = {2005},
    journal = {The European Physical Journal C - Particles and Fields 2005 41:1},
    author = {Charles, J. and H{\"{o}}cker, A. and Lacker, H. and Laplace, S. and Le Diberder, F. R. and Malcl{\'{e}}s, J. and Ocariz, J. and Pivk, M. and Roos, L.},
    number = {1},
    pages = {1--131},
    volume = {41},
    publisher = {Springer},
    url = {https://link.springer.com/article/10.1140/epjc/s2005-02169-1},
    doi = {10.1140/EPJC/S2005-02169-1},
    issn = {1434-6052},
    arxivId = {hep-ph/0406184},
    keywords = {Astronomy, Astrophysics and Cosmology, Elementary Particles, Hadrons, Heavy Ions, Measurement Science and Instrumentation, Nuclear Energy, Nuclear Physics, Quantum Field Theories, Quantum Field Theory, String Theory}
}

@article{Kobayashi1973CP-ViolationInteraction,
    title = {{CP-Violation in the Renormalizable Theory of Weak Interaction}},
    year = {1973},
    journal = {Progress of Theoretical Physics},
    author = {Kobayashi, Makoto and Maskawa, Toshihide},
    number = {2},
    month = {2},
    pages = {652--657},
    volume = {49},
    publisher = {Oxford Academic},
    url = {https://dx.doi.org/10.1143/PTP.49.652},
    doi = {10.1143/PTP.49.652},
    issn = {0033-068X}
}

@article{Ricciardi2019DeterminationV_cb,
    title = {{Determination of the Cabibbo-Kobayashi-Maskawa matrix element {\$}|V{\_}{\{}cb{\}}|{\$}}},
    year = {2019},
    journal = {Journal of Physics G: Nuclear and Particle Physics},
    author = {Ricciardi, Giulia and Rotondo, Marcello},
    number = {11},
    month = {12},
    volume = {47},
    publisher = {IOP Publishing Ltd},
    url = {http://arxiv.org/abs/1912.09562 http://dx.doi.org/10.1088/1361-6471/ab9f01},
    doi = {10.1088/1361-6471/ab9f01},
    arxivId = {1912.09562v2},
    keywords = {Beyond standard model, Cabibbo-Kobayashi-Maskawa matrix, Heavy quark, Semileptonic B decays, Standard model}
}

@article{Salam1964ElectromagneticInteractions,
    title = {{Electromagnetic and weak interactions}},
    year = {1964},
    journal = {Physics Letters},
    author = {Salam, A. and Ward, J. C.},
    number = {2},
    month = {11},
    pages = {168--171},
    volume = {13},
    publisher = {North-Holland},
    doi = {10.1016/0031-9163(64)90711-5},
    issn = {0031-9163}
}

@misc{HiggsTikZ.net,
    title = {{Higgs Potential â€“ TikZ.net}},
    url = {https://tikz.net/higgs-potential/}
}

@article{NoetherInvarianteVariationsprobleme,
    title = {{Invariante Variationsprobleme}},
    journal = {Nachrichten von der Gesellschaft der Wissenschaften zu G{\"{o}}ttingen, Mathematisch-Physikalische Klasse},
    author = {Noether, E.},
    pages = {235--257},
    volume = {1918}
}

@article{Glashow1961PartialInteractions,
    title = {{Partial Symmetries of Weak Interactions}},
    year = {1961},
    journal = {Nucl.Phys.},
    author = {Glashow, Sheldon L.},
    number = {4},
    pages = {579--588},
    volume = {22},
    doi = {10.1016/0029-5582(61)90469-2},
    issn = {00295582}
}

@article{FeynmanQED:Matter,
    title = {{QED: The Strange Theory of Light and Matter}},
    author = {Feynman, Richard P. (Richard Phillips)},
    isbn = {9780691024172}
}

@article{Chromodynamics1995QUANTUMCHROMODYNAMICS,
    title = {{QUANTUM CHROMODYNAMICS}},
    year = {1995},
    journal = {Lecture Notes in Physics},
    author = {Chromodynamics, Quantum and Pich, ) A},
    month = {5},
    pages = {5--54},
    volume = {936},
    publisher = {Springer Verlag},
    url = {https://arxiv.org/abs/hep-ph/9505231v1},
    doi = {10.1007/978-3-319-53336-0{\_}2},
    issn = {00758450},
    arxivId = {hep-ph/9505231}
}

@article{Groom2022ReviewPhysics,
    title = {{Review of Particle Physics}},
    year = {2022},
    journal = {PTEP},
    author = {Groom, D. E. and Aguilar-Benitez, M. and Amsler, C. and Barnett, R. M. and Burchat, P. R. and Carone, C. D. and Caso, C. and Conforto, G. and Dahl, O. and Doser, M. and Eidelman, S. and Feng, J. L. and Gibbons, L. and Goodman, M. and Grab, C. and Gurtu, A. and Hagiwara, K. and Hayes, K. G. and Hern{\'{a}}ndez, J. J. and Hikasa, K. and Honscheid, K. and Kolda, C. and Mangano, M. L. and Manohar, A. V. and Masoni, A. and M{\'{o}}nig, K. and Murayama, H. and Nakamura, K. and Navas, S. and Olive, K. A. and Pape, L. and Piepke, A. and Roos, M. and Tanabashi, M. and T{\"{o}}rnqvist, N. A. and Trippe, T. G. and Vogel, P. and Wohl, C. G. and Workman, R. L. and Yao, W. M. and Armstrong, B. and Casas Serradilla, J. L. and Filimonov, B. B. and Gee, P. S. and Lugovsky, S. B. and Nicholson, F. and Babu, K. S. and Besson, D. and Biebel, O. and Bloch, P. and Cahn, R. N. and Cattai, A. and Chivukula, R. S. and Cousins, R. D. and Damour, T. and Desler, K. and Donahue, R. J. and Edwards, D. A. and Erler, J. and Ezhela, V. V. and Fass{\`{o}}, A. and Fetscher, W. and Froidevaux, D. and Fukugita, M. and Gaisser, T. K. and Garren, L. and Geer, S. and Gerber, H. J. and Gilman, F. J. and Haber, H. E. and Hagmann, C. and Hinchliffe, I. and Hogan, C. J. and H{\"{o}}hler, G. and Igo-Kemenes, P. and Jackson, J. D. and Johnson, K. F. and Karlen, D. and Kayser, B. and Klein, S. R. and Kleinknecht, K. and Knowles, I. G. and Kolb, E. W. and Kreitz, P. and Landua, R. and Langacker, P. and Littenberg, L. and Manley, D. M. and March-Russell, J. and Nakada, T. and Quinn, H. R. and Raffelt, G. and Renk, B. and Rolandi, L. and Ronan, M. T. and Rosenberg, L. J. and Sadrozinski, H. F.W. and Sanda, A. I. and Schmitt, M.},
    number = {1-4},
    pages = {1--878},
    volume = {2022},
    doi = {10.1093/PTEP/PTAC097},
    issn = {14346044}
}

@misc{BurgardCarstenStandardExample,
    title = {{Standard model of physics | TikZ example}},
    author = {{Burgard Carsten} and {Galbraith David}},
    url = {https://texample.net/tikz/examples/model-physics/}
}

@article{Brod2019Standard-modelUnitarity,
    title = {{Standard-model prediction of {\$}{\textbackslash}epsilon{\_}K{\$} with manifest CKM unitarity}},
    year = {2019},
    author = {Brod, Joachim and Gorbahn, Martin and Stamou, Emmanuel},
    month = {11},
    url = {http://arxiv.org/abs/1911.06822 http://dx.doi.org/10.1103/PhysRevLett.125.171803},
    doi = {10.1103/PhysRevLett.125.171803},
    arxivId = {1911.06822}
}

@article{Fermi1934Tentativo,
    title = {{Tentativo di una Teoria Dei Raggi {$\beta$}}},
    year = {1934},
    journal = {Il Nuovo Cimento},
    author = {Fermi, Enrico},
    number = {1},
    month = {1},
    pages = {1--19},
    volume = {11},
    publisher = {Springer},
    url = {https://link.springer.com/article/10.1007/BF02959820},
    doi = {10.1007/BF02959820/METRICS},
    issn = {00296341},
    keywords = {Physics, general}
}

@article{Deur2016TheCoupling,
    title = {{The QCD Running Coupling}},
    year = {2016},
    journal = {Progress in Particle and Nuclear Physics},
    author = {Deur, A. and Brodsky, S. J. and de Teramond, G. F.},
    month = {4},
    pages = {1--74},
    volume = {90},
    publisher = {Elsevier B.V.},
    url = {http://arxiv.org/abs/1604.08082 http://dx.doi.org/10.1016/j.ppnp.2016.04.003},
    doi = {10.1016/j.ppnp.2016.04.003},
    arxivId = {1604.08082v5},
    keywords = {Coupling constant, Hadron physics, Infrared properties, Non-perturbative, QCD, Renormalization}
}