@article{Barate1999ATag,
  author    = {Barate, R. and Decamp, D. and Ghez, P. and Goy, C. and Jezequel, S. and Lees, J. P. and Martin, F.
               and Merle, E. and Minard, M. N. and Pietrzyk, B. and Alemany, R. and Bravo, S. and Casado, M. P. and
               Chmeissani, M. and Crespo, J. M. and Fernandez, E. and Fernandez-Bosman, M. and Garrido, Ll and
               Graug{\`{e}}s, E. and Juste, A. and Martinez, M. and Merino, G. and Miquel, R. and Mir, Ll M. and
               Morawitz, P. and Pacheco, A. and Riu, I. and Ruiz, H. and Colaleo, A. and Creanza, D. and De Palma,
               M. and Iaselli, G. and Maggi, G. and Maggi, M. and Nuzzo, S. and Ranieri, A. and Raso, G. and
               Ruggieri, F. and Selvaggi, G. and Silvestris, L. and Tempesta, P. and Tricomi, A. and Zito, G. and
               Huang, X. and Lin, J. and Ouyang, Q. and Wang, T. and Xie, Y. and Xu, R. and Xue, S. and Zhang, J.
               and Zhang, L. and Zhao, W. and Abbaneo, D. and Becker, U. and Boix, G. and Buchm{\"{u}}ller, O. and
               Cattaneo, M. and Cerutti, F. and Ciulli, V. and Dissertori, G. and Drevermann, H. and Forty, R. W.
               and Frank, M. and Gianotti, F. and Greening, T. C. and Halley, A. W. and Hansen, J. B. and Harvey,
               J. and Janot, P. and Jost, B. and Lehraus, I. and Leroy, O. and Maley, P. and Mato, P. and Minten,
               A. and Moutoussi, A. and Ranjard, F. and Rolandi, L. and Schlatter, D. and Schmitt, M. and
               Schneider, O. and Spagnolo, P. and Tejessy, W. and Teubert, F. and Tournefier, E. and Wright, A. E.
               and Ajaltouni, Z. and Badaud, F. and Chazelle, G. and Deschamps, O. and Dessagne, S. and Falvard, A.
               and Ferdi, C. and Gay, P. and Guicheney, C. and Henrard, P. and Jousset, J. and Michel, B. and
               Monteil, S. and Montret, J. C. and Pallin, D. and Perret, P. and Podlyski, F. and Hansen, J. D. and
               Hansen, J. R. and Hansen, P. H. and Nilsson, B. S. and Rensch, B. and W{\"{a}}{\"{a}}n{\"{a}}nen, A.
               and Daskalakis, G. and Kyriakis, A. and Markou, C. and Simopoulou, E. and Vayaki, A. and Blondel, A.
               and Brient, J. C. and Machefert, F. and Roug{\'{e}}, A. and Swynghedauw, M. and Tanaka, R. and
               Valassi, A. and Videau, H. and Focardi, E. and Parrini, G. and Zachariadou, K. and Corden, M. and
               Georgiopoulos, C. and Antonelli, A. and Bencivenni, G. and Bologna, G. and Bossi, F. and Campana, P.
               and Capon, G. and Chiarella, V. and Laurelli, P. and Mannocchi, G. and Murtas, F. and Murtas, G. P.
               and Passalacqua, L. and Pepe-Altarelli, M. and Chalmers, M. and Curtis, L. and Lynch, J. G. and
               Negus, P. and O'Shea, V. and Raeven, B. and Raine, C. and Smith, D. and Teixeira-Dias, P. and
               Thompson, A. S. and Ward, J. J. and Cavanaugh, R. and Dhamotharan, S. and Geweniger, C. and Hanke,
               P. and Hansper, G. and Hepp, V. and Kluge, E. E. and Putzer, A. and Tittel, K. and Werner, S. and
               Wunsch, M. and Beuselinck, R. and Binnie, D. M. and Cameron, W. and Dornan, P. J. and Girone, M. and
               Goodsir, S. and Marinelli, N. and Martin, E. B. and Nash, J. and Nowell, J. and Przysiezniak, H. and
               Sciab`a, A. and Sedgbeer, J. K. and Thomson, E. and Williams, M. D. and Ghete, V. M. and Girtler, P.
               and Kneringer, E. and Kuhn, D. and Rudolph, G. and Bowdery, C. K. and Buck, P. G. and Ellis, G. and
               Finch, A. J. and Foster, F. and Hughes, G. and Jones, R. W.L. and Robertson, N. A. and Williams, M.
               I. and Giehl, I. and H{\"{o}}lldorfer, F. and Jakobs, K. and Kleinknecht, K. and Kr{\"{o}}cker, M.
               and M{\"{u}}ller, A. S. and N{\"{u}}rnberger, H. A. and Quast, G. and Renk, B. and Rohne, E. and
               Sander, H. G. and Schmeling, S. and Wachsmuth, H. and Zeitnitz, C. and Ziegler, T. and Aubert, J. J.
               and Bonissent, A. and Carr, J. and Coyle, P. and Ealet, A. and Fouchez, D. and Tilquin, A. and
               Aleppo, M. and Antonelli, M. and Gilardoni, S. and Ragusa, F. and B{\"{u}}scher, V. and Dietl, H.
               and Ganis, G. and H{\"{u}}ttmann, K. and L{\"{u}}tjens, G. and Mannert, C. and M{\"{a}}nner, W. and
               Moser, H. G. and Schael, S. and Settles, R. and Seywerd, H. and Stenzel, H. and Wiedenmann, W. and
               Wolf, G. and Azzurri, P. and Boucrot, J. and Callot, O. and Chen, S. and Davier, M. and Duflot, L.
               and Grivaz, J. F. and Heusse, P. and Jacholkowska, A. and Kado, M. and Lefran{\c{c}}ois, J. and
               Serin, L. and Veillet, J. J. and Videau, I. and de Vivie de R{\'{e}}gie, J. B. and Zerwas, D. and
               Bagliesi, G. and Boccali, T. and Bozzi, C. and Calderini, G. and Dell'Orso, R. and Ferrante, I. and
               Giassi, A. and Gregorio, A. and Ligabue, F. and Marrocchesi, P. S. and Messineo, A. and Palla, F.
               and Rizzo, G. and Sanguinetti, G. and Sguazzoni, G. and Tenchini, R. and Venturi, A. and Verdini, P.
               G. and Blair, G. A. and Coles, J. and Cowan, G. and Green, M. G. and Hutchcroft, D. E. and Jones, L.
               T. and Medcalf, T. and Strong, J. A. and Botterill, D. R. and Clifft, R. W. and Edgecock, T. R. and
               Norton, P. R. and Thompson, J. C. and Tomalin, I. R. and Bloch-Devaux, B. and Colas, P. and Fabbro,
               B. and Faif, G. and Lan{\c{c}}on, E. and Lemaire, M. C. and Locci, E. and Perez, P. and Rander, J.
               and Renardy, J. F. and Rosowsky, A. and Saeger, P. and Trabelsi, A. and Tuchming, B. and Vallage, B.
               and Black, S. N. and Dann, J. H. and Loomis, C. and Kim, H. Y. and Konstantinidis, N. and Litke, A.
               M. and McNeil, M. A. and Taylor, G. and Booth, C. N. and Cartwright, S. and Combley, F. and Hodgson,
               P. N. and Lehto, M. and Thompson, L. F. and Affholderbach, K. and B{\"{o}}ohrer, A. and Brandt, S.
               and Grupen, C. and Hess, J. and Misiejuk, A. and Prange, G. and Sieler, U. and Giannini, G. and
               Gobbo, B. and Putz, J. and Rothberg, J. and Wasserbaech, S. and Williams, R. W. and Armstrong, S. R.
               and Elmer, P. and Ferguson, D. P.S. and Gao, Y. and Gonz{\'{a}}lez, S. and Hayes, O. J. and Hu, H.
               and Jin, S. and Kile, J. and McNamara, P. A. and Nielsen, J. and Orejudos, W. and Pan, Y. B. and
               Saadi, Y. and Scott, I. J. and Walsh, J. and von Wimmersperg-Toeller, J. H. and Wu, S. L. and Wu, X.
               and Zobernig, G.},
  title     = {{A direct measurement of |Vcs| in hadronic W decays using a charm tag}},
  month     = {10},
  issn      = {0370-2693},
  journal   = {Physics Letters B},
  volume    = {465},
  number    = {1-4},
  year      = {1999},
  pages     = {349--362},
  doi       = {10.1016/S0370-2693(99)01088-6},
  publisher = {North-Holland}
}

@article{Abbiendi2000ADecays,
  author    = {Abbiendi, G. and Ackerstaff, K. and Ainsley, C. and {\'{A}}kesson, P. F. and Alexander, G. and
               Allison, J. and Anderson, K. J. and Arcelli, S. and Asai, S. and Ashby, S. F. and Axen, D. and
               Azuelos, G. and Bailey, I. and Ball, A. H. and Barberio, E. and Barlow, R. J. and Baumann, S. and
               Behnke, T. and Bell, K. W. and Bella, G. and Bellerive, A. and Benelli, G. and Bentvelsen, S. and
               Bethke, S. and Biebel, O. and Bloodworth, I. J. and Boeriu, O. and Bock, P. and B{\"{o}}hme, J. and
               Bonacorsi, D. and Boutemeur, M. and Braibant, S. and Bright-Thomas, P. and Brigliadori, L. and
               Brown, R. M. and Burckhart, H. J. and Cammin, J. and Capiluppi, P. and Carnegie, R. K. and Carter,
               A. A. and Carter, J. R. and Chang, C. Y. and Charlton, D. G. and Clarke, P. E.L. and Clay, E. and
               Cohen, I. and Cooke, O. C. and Couchman, J. and Couyoumtzelis, C. and Coxe, R. L. and Csilling, A.
               and Cuffiani, M. and Dado, S. and Dallavalle, G. M. and Dallison, S. and de Roeck, A. and de Wolf,
               E. and Dervan, P. and Desch, K. and Dienes, B. and Dixit, M. S. and Donkers, M. and Dubbert, J. and
               Duchovni, E. and Duckeck, G. and Duerdoth, I. P. and Estabrooks, P. G. and Etzion, E. and Fabbri,
               F. and Fanti, M. and Feld, L. and Ferrari, P. and Fiedler, F. and Fleck, I. and Ford, M. and Frey,
               A. and F{\"{u}}rtjes, A. and Futyan, D. I. and Gagnon, P. and Gary, J. W. and Gaycken, G. and
               Geich-Gimbel, C. and Giacomelli, G. and Giacomelli, P. and Glenzinski, D. and Goldberg, J. and
               Grandi, C. and Graham, K. and Gross, E. and Grunhaus, J. and Gruw{\'{e}}, M. and G{\"{u}}nther, P.
               O. and Hajdu, C. and Hanson, G. G. and Hansroul, M. and Hapke, M. and Harder, K. and Harel, A. and
               Harin-Dirac, M. and Hauke, A. and Hauschild, M. and Hawkes, C. M. and Hawkings, R. and Hemingway,
               R. J. and Hensel, C. and Herten, G. and Heuer, R. D. and Hill, J. C. and Hocker, A. and Hoffman, K.
               and Homer, R. J. and Honma, A. K. and Horv{\'{a}}th, D. and Hossain, K. R. and Howard, R. and
               H{\"{u}}ntemeyer, P. and Igo-Kemenes, P. and Ishii, K. and Jacob, F. R. and Jawahery, A. and
               Jeremie, H. and Jones, C. R. and Jovanovic, P. and Junk, T. R. and Kanaya, N. and Kanzaki, J. and
               Karapetian, G. and Karlen, D. and Kartvelishvili, V. and Kawagoe, K. and Kawamoto, T. and Keeler,
               R. K. and Kellogg, R. G. and Kennedy, B. W. and Kim, D. H. and Klein, K. and Klier, A. and Kluth,
               S. and Kobayashi, T. and Kobel, M. and Kokott, T. P. and Komamiya, S. and Kowalewski, R. V. and
               Kress, T. and Krieger, P. and von Krogh, J. and Kuhl, T. and Kupper, M. and Kyberd, P. and
               Lafferty, G. D. and Landsman, H. and Lanske, D. and Lawson, I. and Layter, J. G. and Leins, A. and
               Lellouch, D. and Letts, J. and Levinson, L. and Liebisch, R. and Lillich, J. and List, B. and
               Littlewood, C. and Lloyd, A. W. and Lloyd, S. L. and Loebinger, F. K. and Long, G. D. and Losty, M.
               J. and Lu, J. and Ludwig, J. and Macchiolo, A. and Macpherson, A. and Mader, W. and Marcellini, S.
               and Marchant, T. E. and Martin, A. J. and Martin, J. P. and Martinez, G. and Mashimo, T. and
               M{\"{a}}ttig, P. and McDonald, W. J. and McKenna, J. and McMahon, T. J. and McPherson, R. A. and
               Meijers, F. and Mendez-Lorenzo, P. and Menges, W. and Merritt, F. S. and Mes, H. and Michelini, A.
               and Mihara, S. and Mikenberg, G. and Miller, D. J. and Mohr, W. and Montanari, A. and Mori, T. and
               Nagai, K. and Nakamura, I. and Neal, H. A. and Nisius, R. and O'Neale, S. W. and Oakham, F. G. and
               Odorici, F. and Ogren, H. O. and Oh, A. and Okpara, A. and Oreglia, M. J. and Orito, S. and
               P{\'{a}}sztor, G. and Pater, J. R. and Patrick, G. N. and Patt, J. and Pfeifenschneider, P. and
               Pilcher, J. E. and Pinfold, J. and Plane, D. E. and Poli, B. and Polok, J. and Pooth, O. and
               Przybycie{\'{n}}, M. and Quadt, A. and Rembser, C. and Renkel, P. and Rick, H. and Rodning, N. and
               Roney, J. M. and Rosati, S. and Roscoe, K. and Rossi, A. M. and Rozen, Y. and Runge, K. and
               Runolfsson, O. and Rust, D. R. and Sachs, K. and Saeki, T. and Sahr, O. and Sarkisyan, E. K.G. and
               Sbarra, C. and Schaile, A. D. and Schaile, O. and Scharff-Hansen, P. and Schr{\"{o}}der, M. and
               Schumacher, M. and Schwick, C. and Scott, W. G. and Seuster, R. and Shears, T. G. and Shen, B. C.
               and Shepherd-Themistocleous, C. H. and Sherwood, P. and Siroli, G. P. and Skuja, A. and Smith, A.
               M. and Snow, G. A. and Sobie, R. and S{\"{o}}ldner-Rembold, S. and Spagnolo, S. and Sproston, M.
               and Stahl, A. and Stephens, K. and Stoll, K. and Strom, D. and Str{\"{o}}hmer, R. and Stumpf, L.
               and Surrow, B. and Talbot, S. D. and Tarem, S. and Taylor, R. J. and Teuscher, R. and Thiergen, M.
               and Thomas, J. and Thomson, M. A. and Torrence, E. and Towers, S. and Toya, D. and Trefzger, T. and
               Trigger, I. and Tr{\'{o}}cs{\'{a}}nyi, Z. and Tsur, E. and Turner-Watson, M. F. and Ueda, I. and
               Vannerem, P. and Verzocchi, M. and Voss, H. and Vossebeld, J. and Waller, D. and Ward, C. P. and
               Ward, D. R. and Watkins, P. M. and Watson, A. T. and Watson, N. K. and Wells, P. S. and Wengler, T.
               and Wermes, N. and Wetterling, D. and White, J. S. and Wilson, G. W. and Wilson, J. A. and Wyatt,
               T. R. and Yamashita, S. and Zacek, V. and Zer-Zion, D.},
  title     = {{A measurement of the rate of charm production in W decays}},
  month     = {9},
  issn      = {0370-2693},
  journal   = {Physics Letters B},
  volume    = {490},
  number    = {1-2},
  year      = {2000},
  pages     = {71--86},
  doi       = {10.1016/S0370-2693(00)00971-0},
  publisher = {North-Holland}
}

@article{Weinberg1967ALeptons,
  author    = {Weinberg, Steven},
  title     = {{A Model of Leptons}},
  month     = {11},
  issn      = {00319007},
  journal   = {Physical Review Letters},
  volume    = {19},
  number    = {21},
  year      = {1967},
  pages     = {1264},
  doi       = {10.1103/PhysRevLett.19.1264},
  publisher = {American Physical Society},
  url       = {https://journals.aps.org/prl/abstract/10.1103/PhysRevLett.19.1264}
}

@article{Hocker2001AMatrix,
  author    = {H{\"{o}}cker, A. and Lacker, H. and Laplace, S. and Diberder, F. Le},
  title     = {{A new approach to a global fit of the CKM matrix}},
  month     = {6},
  issn      = {14346044},
  arxivid   = {hep-ph/0104062},
  keywords  = {Astronomy, Astrophysics and Cosmology, Elementary Particles, Hadrons, Heavy
               Ions, Measurement Science and Instrumentation, Nuclear Energy, Nuclear
               Physics, Quantum Field Theories, Quantum Field Theory, String Theory},
  journal   = {European Physical Journal C},
  volume    = {21},
  number    = {2},
  year      = {2001},
  pages     = {225--259},
  doi       = {10.1007/S100520100729/METRICS},
  publisher = {Springer},
  url       = {https://link.springer.com/article/10.1007/s100520100729}
}

@article{Gell-Mann1964AMesons,
  author    = {Gell-Mann, M.},
  title     = {{A schematic model of baryons and mesons}},
  month     = {2},
  issn      = {0031-9163},
  journal   = {Physics Letters},
  volume    = {8},
  number    = {3},
  year      = {1964},
  pages     = {214--215},
  doi       = {10.1016/S0031-9163(64)92001-3},
  publisher = {North-Holland}
}

@article{Altarelli1977AsymptoticLanguage,
  author  = {Altarelli, G. and Parisi, G.},
  title   = {{Asymptotic Freedom in Parton Language}},
  month   = {8},
  issn    = {05503213},
  journal = {Nucl.Phys.B},
  volume  = {126},
  number  = {2},
  year    = {1977},
  pages   = {298--318},
  doi     = {10.1016/0550-3213(77)90384-4}
}

@article{Higgs1964BrokenBosons,
  author    = {Higgs, Peter W.},
  title     = {{Broken symmetries and the masses of gauge bosons}},
  month     = {10},
  issn      = {00319007},
  journal   = {Physical Review Letters},
  volume    = {13},
  number    = {16},
  year      = {1964},
  pages     = {508--509},
  doi       = {10.1103/PHYSREVLETT.13.508/FIGURE/1/THUMB},
  publisher = {American Physical Society},
  url       = {https://journals.aps.org/prl/abstract/10.1103/PhysRevLett.13.508}
}

@article{Englert1964BrokenMesons,
  author    = {Englert, F. and Brout, R.},
  title     = {{Broken symmetry and the mass of gauge vector mesons}},
  month     = {8},
  issn      = {00319007},
  journal   = {Physical Review Letters},
  volume    = {13},
  number    = {9},
  year      = {1964},
  pages     = {321--323},
  doi       = {10.1103/PHYSREVLETT.13.321/FIGURE/1/THUMB},
  publisher = {American Physical Society},
  url       = {https://journals.aps.org/prl/abstract/10.1103/PhysRevLett.13.321}
}

@article{Dokshitzer1977CalculationChromodynamics.,
  author  = {Dokshitzer, Yuri L.},
  title   = {{Calculation of the Structure Functions for Deep Inelastic Scattering and
              e+ e- Annihilation by Perturbation Theory in Quantum Chromodynamics.}},
  journal = {Sov.Phys.JETP},
  volume  = {46},
  year    = {1977},
  pages   = {641--653}
}

@misc{CKMfitter,
  title = {{CKMfitter}},
  url   = {http://ckmfitter.in2p3.fr/www/results/plots_spring21/ckm_res_spring21.html}
}

@article{Charles2005CPFactories,
  author    = {Charles, J. and H{\"{o}}cker, A. and Lacker, H. and Laplace, S. and Le Diberder,
               F. R. and Malcl{\'{e}}s, J. and Ocariz, J. and Pivk, M. and Roos, L.},
  title     = {{CP violation and the CKM matrix: assessing the impact of the asymmetric B factories}},
  issn      = {1434-6052},
  arxivid   = {hep-ph/0406184},
  keywords  = {Astronomy, Astrophysics and Cosmology, Elementary Particles, Hadrons, Heavy
               Ions, Measurement Science and Instrumentation, Nuclear Energy, Nuclear
               Physics, Quantum Field Theories, Quantum Field Theory, String Theory},
  journal   = {The European Physical Journal C - Particles and Fields 2005 41:1},
  volume    = {41},
  number    = {1},
  year      = {2005},
  pages     = {1--131},
  doi       = {10.1140/EPJC/S2005-02169-1},
  publisher = {Springer},
  url       = {https://link.springer.com/article/10.1140/epjc/s2005-02169-1}
}

@article{Kobayashi1973CP-ViolationInteraction,
  author    = {Kobayashi, Makoto and Maskawa, Toshihide},
  title     = {{CP-Violation in the Renormalizable Theory of Weak Interaction}},
  month     = {2},
  issn      = {0033-068X},
  journal   = {Progress of Theoretical Physics},
  volume    = {49},
  number    = {2},
  year      = {1973},
  pages     = {652--657},
  doi       = {10.1143/PTP.49.652},
  publisher = {Oxford Academic},
  url       = {https://dx.doi.org/10.1143/PTP.49.652}
}

@article{Gribov1972DeepTheory,
  author   = {Gribov, Vladimir Naumovich and Lipatov, L N},
  title    = {{Deep inelastic ep scattering in perturbation theory}},
  keywords = {CERN Document Server, WebSearch},
  journal  = {Sov. J. Nucl. Phys.},
  volume   = {15},
  year     = {1972},
  pages    = {438--450},
  url      = {https://cds.cern.ch/record/427157}
}

@article{Ricciardi2019DeterminationV_cb,
  author    = {Ricciardi, Giulia and Rotondo, Marcello},
  title     = {{Determination of the Cabibbo-Kobayashi-Maskawa matrix element {\$}|V{\_}{\{}cb{\}}|{\$}}},
  month     = {12},
  arxivid   = {1912.09562v2},
  keywords  = {Beyond standard model, Cabibbo-Kobayashi-Maskawa matrix,
               Heavy quark, Semileptonic B decays, Standard model},
  journal   = {Journal of Physics G: Nuclear and Particle Physics},
  volume    = {47},
  number    = {11},
  year      = {2019},
  doi       = {10.1088/1361-6471/ab9f01},
  publisher = {IOP Publishing Ltd},
  url       = {http://arxiv.org/abs/1912.09562 http://dx.doi.org/10.1088/1361-6471/ab9f01}
}

@article{Ricciardi2019DeterminationV_cbb,
  author    = {Ricciardi, Giulia and Rotondo, Marcello},
  title     = {{Determination of the Cabibbo-Kobayashi-Maskawa matrix element {\$}|V{\_}{\{}cb{\}}|{\$}}},
  month     = {12},
  arxivid   = {1912.09562v2},
  keywords  = {Beyond standard model, Cabibbo-Kobayashi-Maskawa matrix,
               Heavy quark, Semileptonic B decays, Standard model},
  journal   = {Journal of Physics G: Nuclear and Particle Physics},
  volume    = {47},
  number    = {11},
  year      = {2019},
  doi       = {10.1088/1361-6471/ab9f01},
  publisher = {IOP Publishing Ltd},
  url       = {http://arxiv.org/abs/1912.09562 http://dx.doi.org/10.1088/1361-6471/ab9f01}
}

@article{Smith2005DeterminationSpectra,
  author    = {Smith, A. B.},
  title     = {{Determination of |Vcb| Using Moments of Inclusive B Decay Spectra}},
  month     = {5},
  issn      = {0920-5632},
  journal   = {Nuclear Physics B - Proceedings Supplements},
  volume    = {142},
  number    = {1-3 SPEC. ISS.},
  year      = {2005},
  pages     = {318--325},
  doi       = {10.1016/J.NUCLPHYSBPS.2005.01.055},
  publisher = {North-Holland}
}

@article{Salam1964ElectromagneticInteractions,
  author    = {Salam, A. and Ward, J. C.},
  title     = {{Electromagnetic and weak interactions}},
  month     = {11},
  issn      = {0031-9163},
  journal   = {Physics Letters},
  volume    = {13},
  number    = {2},
  year      = {1964},
  pages     = {168--171},
  doi       = {10.1016/0031-9163(64)90711-5},
  publisher = {North-Holland}
}

@misc{HiggsTikZ.net,
  title = {{Higgs Potential – TikZ.net}},
  url   = {https://tikz.net/higgs-potential/}
}

@article{NoetherInvarianteVariationsprobleme,
  author  = {Noether, E.},
  title   = {{Invariante Variationsprobleme}},
  journal = {Nachrichten von der Gesellschaft der Wissenschaften zu
             G{\"{o}}ttingen, Mathematisch-Physikalische Klasse},
  volume  = {1918},
  pages   = {235--257}
}

@article{Nowell2000MeasurementLEP2,
  author    = {Nowell, Jeremy},
  title     = {{Measurement of the W boson mass at LEP2}},
  month     = {7},
  issn      = {18248039},
  journal   = {Proceedings of Science},
  volume    = {5},
  year      = {2000},
  pages     = {026},
  doi       = {10.22323/1.005.0026},
  publisher = {SISSA Medialab}
}

@article{Abreu1998MeasurementLEP2,
  author    = {Abreu, P. and Adam, W. and Adye, T. and Adzic, P. and Ajinenko, I. and Alekseev, G. D. and Alemany,
               R. and Allport, P. P. and Almehed, S. and Amaldi, U. and Amato, S. and Anassontzis, E. G. and
               Andersson, P. and Andreazza, A. and Antilogus, P. and Apel, W. D. and Arnoud, Y. and {\AA}sman, B.
               and Augustin, J. E. and Augustinus, A. and Baillon, P. and Bambade, P. and Barao, F. and
               Barbiellini, G. and Barbier, R. and Bardin, D. Y. and Barker, G. and Baroncelli, A. and Battaglia,
               M. and Baubillier, M. and Becks, K. H. and Begalli, M. and Beilliere, P. and Belokopytov, Y. and
               Belous, K. and Benvenuti, A. C. and Berat, C. and Berggren, M. and Bertini, D. and Bertrand, D. and
               Besancon, M. and Bianchi, F. and Bigi, M. and Bilenky, M. S. and Bizouard, M. A. and Bloch, D. and
               Bonesini, M. and Bonivento, W. and Boonekamp, M. and Booth, P. S.L. and Borgland, A. W. and Borisov,
               G. and Bosio, C. and Botner, O. and Boudinov, E. and Bouquet, B. and Bourdarios, C. and Bowcock, T.
               J.V. and Boyko, I. and Bozovic, I. and Bozzo, M. and Branchini, P. and Brenke, T. and Brenner, R. A.
               and Bruckman, P. and Brunet, J. M. and Bugge, L. and Buran, T. and Burgsmueller, T. and Buschmann,
               P. and Cabrera, S. and Caccia, M. and Calvi, M. and Camacho Rozas, A. J. and Camporesi, T. and
               Canale, V. and Canepa, M. and Carena, F. and Carroll, L. and Caso, C. and Castillo Gimenez, M. V.
               and Cattai, A. and Cavallo, F. R. and Cerruti, C. and Chabaud, V. and Chapkin, M. and Charpentier,
               P. and Chaussard, L. and Checchia, P. and Chelkov, G. A. and Chen, M. and Chierici, R. and
               Chliapnikov, P. and Chochula, P. and Chorowicz, V. and Chudoba, J. and Collins, P. and Colomer, M.
               and Contri, R. and Cortina, E. and Cosme, G. and Cossutti, F. and Cowell, J. H. and Crawley, H. B.
               and Crennell, D. and Crosetti, G. and Cuevas Maestro, J. and Czellar, S. and Dalmagne, B. and
               Damgaard, G. and Davenport, M. and da Silva, W. and Deghorain, A. and della Ricca, G. and Delpierre,
               P. and Demaria, N. and de Angelis, A. and de Boer, W. and de Brabandere, S. and de Clercq, C. and de
               Lotto, B. and de Min, A. and de Paula, L. and Dijkstra, H. and di Ciaccio, L. and di Diodato, A. and
               Djannati, A. and Dolbeau, J. and Doroba, K. and Dracos, M. and Drees, J. and Drees, K. A. and Dris,
               M. and Duperrin, A. and Durand, J. D. and Ehret, R. and Eigen, G. and Ekelof, T. and Ekspong, G. and
               Ellert, M. and Elsing, M. and Engel, J. P. and Erzen, B. and Espirito Santo, M. and Falk, E. and
               Fanourakis, G. and Fassouliotis, D. and Fayot, J. and Feindt, M. and Fenyuk, A. and Ferrari, P. and
               Ferrer, A. and Fichet, S. and Firestone, A. and Fischer, P. A. and Flagmeyer, U. and Foeth, H. and
               Fokitis, E. and Fontanelli, F. and Franek, B. and Frodesen, A. G. and Fruhwirth, R. and
               Fulda-Quenzer, F. and Fuster, J. and Galloni, A. and Gamba, D. and Gandelman, M. and Garcia, C. and
               Garcia, J. and Gaspar, C. and Gaspar, M. and Gasparini, U. and Gavillet, P. and Gazis, E. N. and
               Gele, D. and Gerber, J. P. and Ghodbane, N. and Gil, I. and Glege, F. and Gokieli, R. and Golob, B.
               and Goncalves, P. and Gonzalez Caballero, I. and Gopal, G. and Gorn, L. and Gorski, M. and Gouz, Y.
               and Gracco, V. and Grahl, J. and Graziani, E. and Green, C. and Grefrath, A. and Gris, P. and
               Grzelak, K. and Gunther, M. and Guy, J. and Hahn, F. and Hahn, S. and Haider, S. and Hallgren, A.
               and Hamacher, K. and Harris, F. J. and Hedberg, V. and Heising, S. and Henriques, R. and Hernandez,
               J. J. and Herquet, P. and Herr, H. and Hessing, T. L. and Heuser, J. M. and Higon, E. and Holmgren,
               S. O. and Holt, P. J. and Holthuizen, D. and Hoorelbeke, S. and Houlden, M. and Hrubec, J. and Huet,
               K. and Hultqvist, K. and Jackson, J. N. and Jacobsson, R. and Jalocha, P. and Janik, R. and
               Jarlskog, C. and Jarlskog, G. and Jarry, P. and Jean-Marie, B. and Johansson, E. K. and Jonsson, P.
               and Joram, C. and Juillot, P. and Kapusta, F. and Karafasoulis, K. and Katsanevas, S. and Katsoufis,
               E. C. and Keranen, R. and Khomenko, B. A. and Khovanski, N. N. and Kiiskinen, A. and King, B. and
               Kjaer, N. J. and Klapp, O. and Klein, H. and Kluit, P. and Knoblauch, D. and Kokkinias, P. and
               Koratzinos, M. and Kourkoumelis, C. and Kouznetsov, O. and Krammer, M. and Kreuter, C. and Kriznic,
               E. and Krstic, J. and Krumstein, Z. and Kubinec, P. and Kucewicz, W. and Kurvinen, K. and Lamsa, J.
               W. and Lanceri, L. and Lane, D. W. and Langefeld, P. and Lapin, V. and Laugier, J. P. and
               Lauhakangas, R. and Ledroit, F. and Lefebure, V. and Leinonen, L. and Leisos, A. and Leitner, R. and
               Lemonne, J. and Lenzen, G. and Lepeltier, V. and Lesiak, T. and Lethuillier, M. and Libby, J. and
               Liko, D. and Lipniacka, A. and Lippi, I. and Loerstad, B. and Loken, J. G. and Lopes, J. H. and
               Lopez, J. M. and Lopez-Fernandez, R. and Loukas, D. and Lutz, P. and Lyons, L. and MacNaughton, J.
               and Mahon, J. R. and Maio, A. and Malek, A. and Malmgren, T. G.M. and Malychev, V. and Mandl, F. and
               Marco, J. and Marco, R. and Marechal, B. and Margoni, M. and Marin, J. C. and Mariotti, C. and
               Markou, A. and Martinez-Rivero, C. and Martinez-Vidal, F. and Marti i Garcia, S. and Matorras, F.
               and Matteuzzi, C. and Matthiae, G. and Mazzucato, F. and Mazzucato, M. and Mc Cubbin, M. and Mc Kay,
               R. and Mc Nulty, R. and Mc Pherson, G. and Meroni, C. and Miagkov, A. and Migliore, E. and Mirabito,
               L. and Mitaroff, W. A. and Mjoernmark, U. and Moa, T. and Moeller, R. and Moenig, K. and Monge, M.
               R. and Moreau, X. and Morettini, P. and Morton, G. and Muenich, K. and Mulders, M. and
               Mulet-Marquis, C. and Muresan, R. and Murray, W. J. and Muryn, B. and Myatt, G. and Myklebust, T.
               and Naraghi, F. and Navarria, F. L. and Navas, S. and Nawrocki, K. and Negri, P. and Nemecek, S. and
               Neufeld, N. and Neumann, W. and Neumeister, N. and Nicolaidou, R. and Nielsen, B. S. and
               Nieuwenhuizen, M. and Nikolaenko, V. and Nikolenko, M. and Nomokonov, V. and Normand, A. and Nygren,
               A. and Obraztsov, V. and Olshevski, A. G. and Onofre, A. and Orava, R. and Orazi, G. and Osterberg,
               K. and Ouraou, A. and Paganini, P. and Paganoni, M. and Paiano, S. and Pain, R. and Paiva, R. and
               Palacios, J. and Palka, H. and Papadopoulou, T. D. and Papageorgiou, K. and Pape, L. and Parkes, C.
               and Parodi, F. and Parzefall, U. and Passeri, A. and Pegoraro, M. and Peralta, L. and Pernicka, M.
               and Perrotta, A. and Petridou, C. and Petrolini, A. and Phillips, H. T. and Piana, G. and Pierre, F.
               and Pimenta, M. and Piotto, E. and Podobnik, T. and Pol, M. E. and Polok, G. and Poropat, P. and
               Pozdniakov, V. and Privitera, P. and Pukhaeva, N. and Pullia, A. and Radojicic, D. and Ragazzi, S.
               and Rahmani, H. and Rakoczy, D. and Rames, J. and Ratoff, P. N. and Read, A. L. and Rebecchi, P. and
               Redaelli, N. G. and Regler, M. and Reid, D. and Reinhardt, R. and Renton, P. B. and Resvanis, L. K.
               and Richard, F. and Ridky, J. and Rinaudo, G. and Rohne, O. and Romero, A. and Ronchese, P. and
               Rosenberg, E. I. and Rosinsky, P. and Roudeau, P. and Rovelli, T. and Ruhlmann-Kleider, V. and Ruiz,
               A. and Saarikko, H. and Sacquin, Y. and Sadovsky, A. and Sajot, G. and Salt, J. and Sampsonidis, D.
               and Sannino, M. and Schneider, H. and Schwemling, P. and Schwickerath, U. and Schyns, M. A.E. and
               Scuri, F. and Seager, P. and Sedykh, Y. and Segar, A. M. and Sekulin, R. and Shellard, R. C. and
               Sheridan, A. and Silvestre, R. and Simard, L. and Simonetto, F. and Sisakian, A. N. and Skaali, T.
               B. and Smadja, G. and Smirnov, N. and Smirnova, O. and Smith, G. R. and Solovianov, O. and Sopczak,
               A. and Sosnowski, R. and Spassov, T. and Spiriti, E. and Sponholz, P. and Squarcia, S. and Stampfer,
               D. and Stanescu, C. and Stanic, S. and Stapnes, S. and Stevenson, K. and Stocchi, A. and Strauss, J.
               and Strub, R. and Stugu, B. and Szczekowski, M. and Szeptycka, M. and Tabarelli, T. and Tegenfeldt,
               F. and Terranova, F. and Thomas, J. and Tilquin, A. and Timmermans, J. and Tkatchev, L. G. and
               Todorov, T. and Todorova, S. and Toet, D. Z. and Tomaradze, A. and Tome, B. and Tonazzo, A. and
               Tortora, L. and Transtromer, G. and Treille, D. and Tristram, G. and Trombini, A. and Troncon, C.
               and Tsirou, A. and Turluer, M. L. and Tyapkin, I. A. and Tzamarias, S. and Ueberschaer, B. and
               Ullaland, O. and Uvarov, V. and Valenti, G. and Vallazza, E. and van Apeldoorn, G. W. and van Dam,
               P. and van Eldik, J. and van Lysebetten, A. and van Vulpen, I. and Vassilopoulos, N. and Vegni, G.
               and Ventura, L. and Venus, W. and Verbeure, F. and Verlato, M. and Vertogradov, L. S. and Verzi, V.
               and Vilanova, D. and Vitale, L. and Vlasov, E. and Vodopyanov, A. S. and Voulgaris, G. and Vrba, V.
               and Wahlen, H. and Walck, C. and Weiser, C. and Wetherell, A. M. and Wicke, D. and Wickens, J. H.
               and Wilkinson, G. R. and Winter, M. and Witek, M. and Wlodek, T. and Wolf, G. and Yi, J. and
               Yushchenko, Y. and Zaitsev, A. and Zalewska, A. and Zalewski, P. and Zavrtanik, D. and Zevgolatakos,
               E. and Zimin, N. I. and Zucchelli, G. C. and Zumerle, G.},
  title     = {{Measurement of |Vcs| using W decays at LEP2}},
  month     = {10},
  issn      = {0370-2693},
  journal   = {Physics Letters B},
  volume    = {439},
  number    = {1-2},
  year      = {1998},
  pages     = {209--224},
  doi       = {10.1016/S0370-2693(98)01061-2},
  publisher = {North-Holland}
}

@article{Bona2023NewScheme,
  author    = {Bona, Marcella and Ciuchini, Marco and Derkach, Denis and Ferrari, Fabio and Franco,
               Enrico and Lubicz, Vittorio and Martinelli, Guido and Morgante, Davide and Pierini,
               Maurizio and Silvestrini, Luca and Simula, Silvano and Stocchi, Achille and
               Tarantino, Cecilia and Vagnoni, Vincenzo and Valli, Mauro and Vittorio, Ludovico},
  title     = {{New UTfit analysis of the unitarity triangle in the Cabibbo–Kobayashi–Maskawa scheme}},
  month     = {2},
  isbn      = {0123456789},
  issn      = {1720-0776},
  keywords  = {Biomedicine, Earth Sciences, Environment, History of Science, Life Sciences, Physics, general},
  journal   = {Rendiconti Lincei. Scienze Fisiche e Naturali 2023 34:1},
  volume    = {34},
  number    = {1},
  year      = {2023},
  pages     = {37--57},
  doi       = {10.1007/S12210-023-01137-5},
  publisher = {Springer},
  url       = {https://link.springer.com/article/10.1007/s12210-023-01137-5}
}

@article{Abachi1995ObservationQuark,
  author    = {Abachi, S. and Abbott, B. and Abolins, M. and Acharya, B. S. and Adam, I. and Adams, D. L. and
               Adams, M. and Ahn, S. and Aihara, H. and Alitti, J. and Alvarez, G. and Alves, G. A. and Amidi, E.
               and Amos, N. and Anderson, E. W. and Aronson, S. H. and Astur, R. and Avery, R. E. and Baden, A.
               and Balamurali, V. and Balderston, J. and Baldin, B. and Bantly, J. and Bartlett, J. F. and Bazizi,
               K. and Bendich, J. and Beri, S. B. and Bertram, I. and Bezzubov, V. A. and Bhat, P. C. and
               Bhatnagar, V. and Bhattacharjee, M. and Bischoff, A. and Biswas, N. and Blazey, G. and Blessing, S.
               and Boehnlein, A. and Bojko, N. I. and Borcherding, F. and Borders, J. and Boswell, C. and Brandt,
               A. and Brock, R. and Bross, A. and Buchholz, D. and Burtovoi, V. S. and Butler, J. M. and Casey, D.
               and Castilla-Valdez, H. and Chakraborty, D. and Chang, S. M. and Chekulaev, S. V. and Chen, L. P.
               and Chen, W. and Chevalier, L. and Chopra, S. and Choudhary, B. C. and Christenson, J. H. and
               Chung, M. and Claes, D. and Clark, A. R. and Cobau, W. G. and Cochran, J. and Cooper, W. E. and
               Cretsinger, C. and Cullen-Vidal, D. and Cummings, M. and Cutts, D. and Dahl, O. I. and De, K. and
               Demarteau, M. and Demina, R. and Denisenko, K. and Denisenko, N. and Denisov, D. and Denisov, S. P.
               and Dharmaratna, W. and Diehl, H. T. and Diesburg, M. and Di Loreto, G. and Dixon, R. and Draper,
               P. and Drinkard, J. and Ducros, Y. and Dugad, S. R. and Durston-Johnson, S. and Edmunds, D. and
               Efimov, A. O. and Ellison, J. and Elvira, V. D. and Engelmann, R. and Eno, S. and Eppley, G. and
               Ermolov, P. and Eroshin, O. V. and Evdokimov, V. N. and Fahey, S. and Fahland, T. and Fatyga, M.
               and Fatyga, M. K. and Featherly, J. and Feher, S. and Fein, D. and Ferbel, T. and Finocchiaro, G.
               and Fisk, H. E. and Fisyak, Yu and Flattum, E. and Forden, G. E. and Fortner, M. and Frame, K. C.
               and Franzini, P. and Fredriksen, S. and Fuess, S. and Galjaev, A. N. and Gallas, E. and Gao, C. S.
               and Gao, S. and Geld, T. L. and Genik, R. J. and Genser, K. and Gerber, C. E. and Gibbard, B. and
               Glaubman, M. and Glebov, V. and Glenn, S. and Glicenstein, J. F. and Gobbi, B. and Goforth, M. and
               Goldschmidt, A. and Gomez, B. and Goncharov, P. I. and Gordon, H. and Goss, L. T. and Graf, N. and
               Grannis, P. D. and Green, D. R. and Green, J. and Greenlee, H. and Griffin, G. and Grossman, N. and
               Grudberg, P. and Gr{\"{u}}nendahl, S. and Guida, J. A. and Guida, J. M. and Guryn, W. and Gurzhiev,
               S. N. and Gutnikov, Y. E. and Hadley, N. J. and Haggerty, H. and Hagopian, S. and Hagopian, V. and
               Hahn, K. S. and Hall, R. E. and Hansen, S. and Hatcher, R. and Hauptman, J. M. and Hedin, D. and
               Heinson, A. P. and Heintz, U. and Hernandez-Montoya, R. and Heuring, T. and Hirosky, R. and Hobbs,
               J. D. and Hoeneisen, B. and Hoftun, J. S. and Hsieh, F. and Hu, Ting and Hu, Tong and Huehn, T. and
               Igarashi, S. and Ito, A. S. and James, E. and Jaques, J. and Jerger, S. A. and Jiang, J. Z.Y. and
               Joffe-Minor, T. and Johari, H. and Johns, K. and Johnson, M. and Johnstad, H. and Jonckheere, A.
               and J{\"{o}}stlein, H. and Jun, S. Y. and Jung, C. K. and Kahn, S. and Kang, J. S. and Kehoe, R.
               and Kelly, M. and Kernan, A. and Kerth, L. and Kim, C. L. and Kim, S. K. and Klatchko, A. and
               Klima, B. and Klochkov, B. I. and Klopfenstein, C. and Klyukhin, V. I. and Kochetkov, V. I. and
               Kohli, J. M. and Koltick, D. and Kostritskiy, A. V. and Kotcher, J. and Kourlas, J. and Kozelov, A.
               V. and Kozlovski, E. A. and Krishnaswamy, M. R. and Krzywdzinski, S. and Kunori, S. and Lami, S.
               and Landsberg, G. and Lanou, R. E. and Lebrat, J. F. and Lee-Franzini, J. and Leflat, A. and Li, H.
               and Li, J. and Li, Y. K. and Li-Demarteau, Q. Z. and Lima, J. G.R. and Lincoln, D. and Linn, S. L.
               and Linnemann, J. and Lipton, R. and Liu, Y. C. and Lobkowicz, F. and Loken, S. C. and
               L{\"{o}}k{\"{o}}s, S. and Lueking, L. and Lyon, A. L. and MacIel, A. K.A. and Madaras, R. J. and
               Madden, R. and Mandrichenko, I. V. and Mangeot, Ph and Mani, S. and Mansouli{\'{e}}, B. and Mao, H.
               S. and Margulies, S. and Markeloff, R. and Markosky, L. and Marshall, T. and Martin, M. I. and
               Marx, M. and May, B. and Mayorov, A. A. and McCarthy, R. and McKibben, T. and McKinley, J. and
               Melanson, H. L. and De Mello Neto, J. R.T. and Merritt, K. W. and Miettinen, H. and Milder, A. and
               Milner, C. and Mincer, A. and De Miranda, J. M. and Mishra, C. S. and Mohammadi-Baarmand, M. and
               Mokhov, N. and Mondal, N. K. and Montgomery, H. E. and Mooney, P. and Mudan, M. and Murphy, C. and
               Murphy, C. T. and Nang, F. and Narain, M. and Narasimham, V. S. and Narayanan, A. and Neal, H. A.
               and Negret, J. P. and Neis, E. and Nemethy, P. and Nei{\'{c}}, D. and Norman, D. and Oesch, L. and
               Oguri, V. and Oltman, E. and Oshima, N. and Owen, D. and Padley, P. and Pang, M. and Para, A. and
               Park, C. H. and Park, Y. M. and Partridge, R. and Parua, N. and Paterno, M. and Perkins, J. and
               Peryshkin, A. and Peters, M. and Piekarz, H. and Pischalnikov, Y. and Pluquet, A. and Podstavkov,
               V. M. and Pope, B. G. and Prosper, H. B. and Protopopescu, S. and Puelji{\'{c}}, D. and Qian, J.
               and Quintas, P. Z. and Raja, R. and Rajagopalan, S. and Ramirez, O. and Rao, M. V.S. and Rapidis,
               P. A. and Rasmussen, L. and Read, A. L. and Reucroft, S. and Rijssenbeek, M. and Rockwell, T. and
               Roe, N. A. and Roldan, J. M.R. and Rubinov, P. and Ruchti, R. and Rusin, S. and Rutherfoord, J. and
               Santoro, A. and Sawyer, L. and Schamberger, R. D. and Schellman, H. and Schmid, D. and Sculli, J.
               and Shabalina, E. and Shaffer, C. and Shankar, H. C. and Shivpuri, R. K. and Shupe, M. and Singh,
               J. B. and Sirotenko, V. and Smart, W. and Smith, A. and Smith, R. P. and Snihur, R. and Snow, G. R.
               and Snyder, S. and Solomon, J. and Sood, P. M. and Sosebee, M. and Souza, M. and Spadafora, A. L.
               and Stephens, R. W. and Stevenson, M. L. and Stewart, D. and Stocker, F. and Stoianova, D. A. and
               Stoker, D. and Streets, K. and Strovink, M. and Taketani, A. and Tamburello, P. and Tarazi, J. and
               Tartaglia, M. and Taylor, T. L. and Teiger, J. and Thompson, J. and Trippe, T. G. and Tuts, P. M.
               and Varelas, N. and Varnes, E. W. and Virador, P. R.G. and Vititoe, D. and Volkov, A. A. and Von
               Goeler, E. and Vorobiev, A. P. and Wahl, H. D. and Wang, J. and Wang, L. Z. and Warchol, J. and
               Wayne, M. and Weerts, H. and Wenzel, W. A. and White, A. and White, J. T. and Wightman, J. A. and
               Wilcox, J. and Willis, S. and Wimpenny, S. J. and Wirjawan, J. V.D. and Wolf, Z. and Womersley, J.
               and Won, E. and Wood, D. R. and Xu, H. and Yamada, R. and Yamin, P. and Yanagisawa, C. and Yang, J.
               and Yasuda, T. and Yoshikawa, C. and Youssef, S. and Yu, J. and Yu, Y. and Zhang, Y. and Zhou, Y.
               H. and Zhu, Q. and Zhu, Y. S. and Zhu, Z. H. and Zieminska, D. and Zieminski, A. and Zinchenko, A.
               and Zylberstejn, A.},
  title     = {{Observation of the Top Quark}},
  month     = {4},
  issn      = {00319007},
  arxivid   = {hep-ex/9503003},
  journal   = {Physical Review Letters},
  volume    = {74},
  number    = {14},
  year      = {1995},
  pages     = {2632},
  doi       = {10.1103/PhysRevLett.74.2632},
  publisher = {American Physical Society},
  url       = {https://journals.aps.org/prl/abstract/10.1103/PhysRevLett.74.2632}
}

@article{Abe1995ObservationFermilab,
  author    = {Abe, F. and Akimoto, H. and Akopian, A. and Albrow, M. G. and Amendolia, S. R. and Amidei, D. and
               Antos, J. and Anway-Wiese, C. and Aota, S. and Apollinari, G. and Asakawa, T. and Ashmanskas, W. and
               Atac, M. and Auchincloss, P. and Azfar, F. and Azzi-Bacchetta, P. and Bacchetta, N. and Badgett, W.
               and Bagdasarov, S. and Bailey, M. W. and Bao, J. and De Barbaro, P. and Barbaro-Galtieri, A. and
               Barnes, V. E. and Barnett, B. A. and Bartalini, P. and Bauer, G. and Baumann, T. and Bedeschi, F.
               and Behrends, S. and Belforte, S. and Bellettini, G. and Bellinger, J. and Benjamin, D. and
               Benlloch, J. and Bensinger, J. and Benton, D. and Beretvas, A. and Berge, J. P. and Bertolucci, S.
               and Bhatti, A. and Biery, K. and Binkley, M. and Bisello, D. and Blair, R. E. and Blocker, C. and
               Bodek, A. and Bokhari, W. and Bolognesi, V. and Bortoletto, D. and Boudreau, J. and Brandenburg, G.
               and Breccia, L. and Bromberg, C. and Buckley-Geer, E. and Budd, H. S. and Burkett, K. and Busetto,
               G. and Byon-Wagner, A. and Byrum, K. L. and Cammerata, J. and Campagnari, C. and Campbell, M. and
               Caner, A. and Carithers, W. and Carlsmith, D. and Castro, A. and Cauz, G. and Cen, Y. and Cervelli,
               F. and Chao, H. Y. and Chapman, J. and Cheng, M. T. and Chiarelli, G. and Chikamatsu, T. and Chiou,
               C. N. and Christofek, L. and Cihangir, S. and Clark, A. G. and Cobal, M. and Contreras, M. and
               Conway, J. and Cooper, J. and Cordelli, M. and Couyoumtzelis, C. and Crane, D. and Cronin-Hennessy,
               D. and Culbertson, R. and Cunningham, J. D. and Daniels, T. and Dejongh, F. and Delchamps, S. and
               Dell'Agnello, S. and Dell'Orso, M. and Demortier, L. and Denby, B. and Deninno, M. and Derwent, P.
               F. and Devlin, T. and Dickson, M. and Dittmann, J. R. and Donati, S. and Drucker, R. B. and Dunn, A.
               and Eddy, N. and Einsweiler, K. and Elias, J. E. and Ely, R. and Engels, E. and Errede, D. and
               Errede, S. and Fan, Q. and Fiori, I. and Flaugher, B. and Foster, G. W. and Franklin, M. and
               Frautschi, M. and Freeman, J. and Friedman, J. and Frisch, H. and Fuess, T. A. and Fukui, Y. and
               Funaki, S. and Gagliardi, G. and Galeotti, S. and Gallinaro, M. and Garcia-Sciveres, M. and
               Garfinkel, A. F. and Gay, C. and Geer, S. and Gerdes, D. W. and Giannetti, P. and Giokaris, N. and
               Giromini, P. and Gladney, L. and Glenzinski, D. and Gold, M. and Gonzalez, J. and Gordon, A. and
               Goshaw, A. T. and Goulianos, K. and Grassmann, H. and Groer, L. and Grosso-Pilcher, C. and Guillian,
               G. and Guo, R. S. and Haber, C. and Hahn, S. R. and Hamilton, R. and Handler, R. and Hans, R. M. and
               Hara, K. and Harral, B. and Harris, R. M. and Hauger, S. A. and Hauser, J. and Hawk, C. and Hayashi,
               E. and Heinrich, J. and Hohlmann, M. and Holck, C. and Hollebeek, R. and Holloway, L. and
               H{\"{o}}lscher, A. and Hong, S. and Houk, G. and Hu, P. and Huffman, B. T. and Hughes, R. and
               Huston, J. and Huth, J. and Hylen, J. and Ikeda, H. and Incagli, M. and Incandela, J. and Iwai, J.
               and Iwata, Y. and Jensen, H. and Joshi, U. and Kadel, R. W. and Kajfasz, E. and Kamon, T. and
               Kaneko, T. and Karr, K. and Kasha, H. and Kato, Y. and Keeble, L. and Kelley, K. and Kennedy, R. D.
               and Kephart, R. and Kesten, P. and Kestenbaum, D. and Keup, R. M. and Keutelian, H. and Keyvan, F.
               and Kim, B. J. and Kim, D. H. and Kim, H. S. and Kim, S. B. and Kim, S. H. and Kim, Y. K. and
               Kirsch, L. and Koehn, P. and Kondo, K. and Konigsberg, J. and Kopp, S. and Kordas, K. and Koska, W.
               and Kovacs, E. and Kowald, W. and Krasberg, M. and Kroll, J. and Kruse, M. and Kuwabara, T. and
               Kuhlmann, S. E. and Kuns, E. and Laasanen, A. T. and Labanca, N. and Lammel, S. and Lamoureux, J. I.
               and Lecompte, T. and Leone, S. and Lewis, J. D. and Limon, P. and Lindgren, M. and Liss, T. M. and
               Lockyer, N. and Long, O. and Loomis, C. and Loreti, M. and Lu, J. and Lucchesi, D. and Lukens, P.
               and Lusin, S. and Lys, J. and Maeshima, K. and Maghakian, A. and Maksimovic, P. and Mangano, M. and
               Mansour, J. and Mariotti, M. and Marriner, J. P. and Martin, A. and Matthews, J. A.J. and Mattingly,
               R. and McIntyre, P. and Melese, P. and Menzione, A. and Meschi, E. and Metzler, S. and Miao, C. and
               Michail, G. and Mikamo, S. and Miller, R. and Minato, H. and Miscetti, S. and Mishina, M. and
               Mitsushio, H. and Miyamoto, T. and Miyashita, S. and Morita, Y. and Mueller, J. and Mukherjee, A.
               and Muller, T. and Murat, P. and Nakada, H. and Nakano, I. and Nelson, C. and Neuberger, D. and
               Newman-Holmes, C. and Ninomiya, M. and Nodulman, L. and Ogawa, S. and Oh, S. H. and Ohl, K. E. and
               Ohmoto, T. and Ohsugi, T. and Oishi, R. and Okabe, M. and Okusawa, T. and Oliver, R. and Olsen, J.
               and Pagliarone, C. and Paoletti, R. and Papadimitriou, V. and Pappas, S. P. and Park, S. and
               Patrick, J. and Pauletta, G. and Paulini, M. and Pescara, L. and Peters, M. D. and Phillips, T. J.
               and Piacentino, G. and Pillai, M. and Pitts, K. T. and Plunkett, R. and Pondrom, L. and Proudfoot,
               J. and Ptohos, F. and Punzi, G. and Ragan, K. and Ribon, A. and Rimondi, F. and Ristori, L. and
               Robertson, W. J. and Rodrigo, T. and Romano, J. and Rosenson, L. and Roser, R. and Sakumoto, W. K.
               and Saltzberg, D. and Sansoni, A. and Santi, L. and Sato, H. and Scarpine, V. and Schlabach, P. and
               Schmidt, E. E. and Schmidt, M. P. and Sciacca, G. F. and Scribano, A. and Segler, S. and Seidel, S.
               and Seiya, Y. and Sganos, G. and Sgolacchia, A. and Shapiro, M. D. and Shaw, N. M. and Shen, Q. and
               Shepard, P. F. and Shimojima, M. and Shochet, M. and Siegrist, J. and Sill, A. and Sinervo, P. and
               Singh, P. and Skarha, J. and Sliwa, K. and Smith, D. A. and Snider, F. D. and Song, T. and Spalding,
               J. and Sphicas, P. and Spiegel, L. and Spies, A. and Stanco, L. and Steele, J. and Stefanini, A. and
               Strahl, K. and Strait, J. and Stuart, D. and Sullivan, G. and Soumarokov, A. and Sumorok, K. and
               Suzuki, J. and Takada, T. and Takahashi, T. and Takano, T. and Takikawa, K. and Tamura, N. and
               Tartarelli, F. and Taylor, W. and Teng, P. K. and Teramoto, Y. and Tether, S. and Theriot, D. and
               Thomas, T. L. and Thun, R. and Timko, M. and Tipton, P. and Titov, A. and Tkaczyk, S. and Toback, D.
               and Tollefson, K. and Tollestrup, A. and Tonnison, J. and De Troconiz, J. F. and Truitt, S. and
               Tseng, J. and Turini, N. and Uchida, T. and Uemura, N. and Ukegawa, F. and Unal, G. and Van Den
               Brink, S. C. and Vejcik, S. and Velev, G. and Vidal, R. and Vondracek, M. and Vucinic, D. and
               Wagner, R. G. and Wagner, R. L. and Wahl, J. and Walker, R. C. and Wang, C. and Wang, C. H. and
               Wang, G. and Wang, J. and Wang, M. J. and Wang, Q. F. and Warburton, A. and Watts, G. and Watts, T.
               and Webb, R. and Wei, C. and Wendt, C. and Wenzel, H. and Wester, W. C. and Wicklund, A. B. and
               Wicklund, E. and Wilkinson, R. and Williams, H. H. and Wilson, P. and Winer, B. L. and Wolinski, D.
               and Wolinski, J. and Wu, X. and Wyss, J. and Yagil, A. and Yao, W. and Yasuoka, K. and Ye, Y. and
               Yeh, G. P. and Yeh, P. and Yin, M. and Yoh, J. and Yosef, C. and Yoshida, T. and Yovanovitch, D. and
               Yu, I. and Yun, J. C. and Zanetti, A. and Zetti, F. and Zhang, L. and Zhang, W. and Zucchelli, S.},
  title     = {{Observation of Top Quark Production in {\$}p{\textbackslash}bar{\{}p{\}}{\$}
                Collisions with the Collider Detector at Fermilab}},
  month     = {4},
  issn      = {00319007},
  journal   = {Physical Review Letters},
  volume    = {74},
  number    = {14},
  year      = {1995},
  pages     = {2626},
  doi       = {10.1103/PhysRevLett.74.2626},
  publisher = {American Physical Society},
  url       = {https://journals.aps.org/prl/abstract/10.1103/PhysRevLett.74.2626}
}

@article{Glashow1961PartialInteractions,
  author  = {Glashow, Sheldon L.},
  title   = {{Partial Symmetries of Weak Interactions}},
  issn    = {00295582},
  journal = {Nucl.Phys.},
  volume  = {22},
  number  = {4},
  year    = {1961},
  pages   = {579--588},
  doi     = {10.1016/0029-5582(61)90469-2}
}

@article{FeynmanQED:Matter,
  author = {Feynman, Richard P. (Richard Phillips)},
  title  = {{QED: The Strange Theory of Light and Matter}},
  isbn   = {9780691024172}
}

@article{Chromodynamics1995QUANTUMCHROMODYNAMICS,
  author    = {Chromodynamics, Quantum and Pich, ) A},
  title     = {{QUANTUM CHROMODYNAMICS}},
  month     = {5},
  issn      = {00758450},
  arxivid   = {hep-ph/9505231},
  journal   = {Lecture Notes in Physics},
  volume    = {936},
  year      = {1995},
  pages     = {5--54},
  doi       = {10.1007/978-3-319-53336-0{\_}2},
  publisher = {Springer Verlag},
  url       = {https://arxiv.org/abs/hep-ph/9505231v1}
}

@article{Groom2022ReviewPhysics,
  author  = {Groom, D. E. and Aguilar-Benitez, M. and Amsler, C. and Barnett, R. M. and Burchat, P. R. and
             Carone, C. D. and Caso, C. and Conforto, G. and Dahl, O. and Doser, M. and Eidelman, S. and Feng,
             J. L. and Gibbons, L. and Goodman, M. and Grab, C. and Gurtu, A. and Hagiwara, K. and Hayes, K. G.
             and Hern{\'{a}}ndez, J. J. and Hikasa, K. and Honscheid, K. and Kolda, C. and Mangano, M. L. and
             Manohar, A. V. and Masoni, A. and M{\'{o}}nig, K. and Murayama, H. and Nakamura, K. and Navas, S.
             and Olive, K. A. and Pape, L. and Piepke, A. and Roos, M. and Tanabashi, M. and T{\"{o}}rnqvist,
             N. A. and Trippe, T. G. and Vogel, P. and Wohl, C. G. and Workman, R. L. and Yao, W. M. and
             Armstrong, B. and Casas Serradilla, J. L. and Filimonov, B. B. and Gee, P. S. and Lugovsky, S. B.
             and Nicholson, F. and Babu, K. S. and Besson, D. and Biebel, O. and Bloch, P. and Cahn, R. N. and
             Cattai, A. and Chivukula, R. S. and Cousins, R. D. and Damour, T. and Desler, K. and Donahue, R.
             J. and Edwards, D. A. and Erler, J. and Ezhela, V. V. and Fass{\`{o}}, A. and Fetscher, W. and
             Froidevaux, D. and Fukugita, M. and Gaisser, T. K. and Garren, L. and Geer, S. and Gerber, H. J.
             and Gilman, F. J. and Haber, H. E. and Hagmann, C. and Hinchliffe, I. and Hogan, C. J. and
             H{\"{o}}hler, G. and Igo-Kemenes, P. and Jackson, J. D. and Johnson, K. F. and Karlen, D. and
             Kayser, B. and Klein, S. R. and Kleinknecht, K. and Knowles, I. G. and Kolb, E. W. and Kreitz, P.
             and Landua, R. and Langacker, P. and Littenberg, L. and Manley, D. M. and March-Russell, J. and
             Nakada, T. and Quinn, H. R. and Raffelt, G. and Renk, B. and Rolandi, L. and Ronan, M. T. and
             Rosenberg, L. J. and Sadrozinski, H. F.W. and Sanda, A. I. and Schmitt, M.},
  title   = {{Review of Particle Physics}},
  issn    = {14346044},
  journal = {PTEP},
  volume  = {2022},
  number  = {1-4},
  year    = {2022},
  pages   = {1--878},
  doi     = {10.1093/PTEP/PTAC097}
}

@misc{BurgardCarstenStandardExample,
  author = {{Burgard Carsten} and {Galbraith David}},
  title  = {{Standard model of physics | TikZ example}},
  url    = {https://texample.net/tikz/examples/model-physics/}
}

@article{Brod2019Standard-modelUnitarity,
  author  = {Brod, Joachim and Gorbahn, Martin and Stamou, Emmanuel},
  title   = {{Standard-model prediction of {\$}{\textbackslash}epsilon{\_}K{\$} with manifest CKM unitarity}},
  month   = {11},
  arxivid = {1911.06822},
  year    = {2019},
  doi     = {10.1103/PhysRevLett.125.171803},
  url     = {http://arxiv.org/abs/1911.06822 http://dx.doi.org/10.1103/PhysRevLett.125.171803}
}

@article{Fermi1934Tentativo,
  author    = {Fermi, Enrico},
  title     = {{Tentativo di una Teoria Dei Raggi {$\beta$}}},
  month     = {1},
  issn      = {00296341},
  keywords  = {Physics, general},
  journal   = {Il Nuovo Cimento},
  volume    = {11},
  number    = {1},
  year      = {1934},
  pages     = {1--19},
  doi       = {10.1007/BF02959820/METRICS},
  publisher = {Springer},
  url       = {https://link.springer.com/article/10.1007/BF02959820}
}

@article{Feynman1969TheEnergies,
  author  = {Feynman, R.P.},
  title   = {{The behavior of hadron collisions at extreme energies}},
  journal = {Conf.Proc.C},
  volume  = {690905},
  year    = {1969},
  pages   = {237--258}
}

@article{Alberti2016TheVcb,
  author    = {Alberti, Andrea and Gambino, Paolo and Healey, Kristopher J. and Nandi, Soumitra},
  title     = {{The Inclusive Determination of |Vcb|}},
  month     = {4},
  issn      = {2405-6014},
  keywords  = {CKM, Fit, Inclusive, Vcb},
  journal   = {Nuclear and Particle Physics Proceedings},
  volume    = {273-275},
  year      = {2016},
  pages     = {1325--1329},
  doi       = {10.1016/J.NUCLPHYSBPS.2015.09.212},
  publisher = {North-Holland}
}

@article{Ball2022TheAccuracy,
  author    = {Ball, Richard D. and Carrazza, Stefano and Cruz-Martinez, Juan and Del Debbio, Luigi and
               Forte, Stefano and Giani, Tommaso and Iranipour, Shayan and Kassabov, Zahari and Latorre,
               Jose I. and Nocera, Emanuele R. and Pearson, Rosalyn L. and Rojo, Juan and Stegeman, Roy
               and Schwan, Christopher and Ubiali, Maria and Voisey, Cameron and Wilson, Michael},
  title     = {{The path to proton structure at 1{\%} accuracy}},
  month     = {5},
  issn      = {1434-6052},
  keywords  = {Astronomy, Astrophysics and Cosmology, Elementary Particles, Hadrons, Heavy
               Ions, Measurement Science and Instrumentation, Nuclear Energy, Nuclear
               Physics, Quantum Field Theories, Quantum Field Theory, String Theory},
  journal   = {The European Physical Journal C 2022 82:5},
  volume    = {82},
  number    = {5},
  year      = {2022},
  pages     = {1--119},
  doi       = {10.1140/EPJC/S10052-022-10328-7},
  publisher = {Springer},
  url       = {https://link.springer.com/article/10.1140/epjc/s10052-022-10328-7}
}

@article{Bigi1995TheHadrons,
  author        = {Bigi, I. I. and {Bigi} and I., I.},
  title         = {{The QCD Perspective on Lifetimes of Heavy-Flavour Hadrons}},
  month         = {8},
  arxivid       = {arXiv:hep-ph/9508408},
  keywords      = {High Energy Physics, Phenomenology},
  journal       = {arXiv},
  year          = {1995},
  pages         = {hep-ph/9508408},
  doi           = {10.48550/ARXIV.HEP-PH/9508408},
  url           = {https://ui.adsabs.harvard.edu/abs/1995hep.ph....8408B/abstract},
  eprint        = {9508408},
  archivePrefix = {arXiv},
  primaryClass  = {hep-ph}
}

@article{Deur2016TheCoupling,
  author    = {Deur, A. and Brodsky, S. J. and de Teramond, G. F.},
  title     = {{The QCD Running Coupling}},
  month     = {4},
  arxivid   = {1604.08082v5},
  keywords  = {Coupling constant, Hadron physics, Infrared properties, Non-perturbative, QCD, Renormalization},
  journal   = {Progress in Particle and Nuclear Physics},
  volume    = {90},
  year      = {2016},
  pages     = {1--74},
  doi       = {10.1016/j.ppnp.2016.04.003},
  publisher = {Elsevier B.V.},
  url       = {http://arxiv.org/abs/1604.08082 http://dx.doi.org/10.1016/j.ppnp.2016.04.003}
}

@article{Bordone2021ThreeVcb,
  author    = {Bordone, Marzia and Capdevila, Bernat and Gambino, Paolo},
  title     = {{Three loop calculations and inclusive Vcb}},
  month     = {11},
  issn      = {0370-2693},
  journal   = {Physics Letters B},
  volume    = {822},
  year      = {2021},
  pages     = {136679},
  doi       = {10.1016/J.PHYSLETB.2021.136679},
  publisher = {North-Holland}
}

@article{Czakon2014Top++:Colliders,
  author    = {Czakon, Michał and Mitov, Alexander},
  title     = {{Top++: A Program for the Calculation of the Top-Pair Cross-Section at Hadron Colliders}},
  issn      = {00104655},
  arxivid   = {1112.5675},
  keywords  = {Hadron colliers, Precision physics, QCD, Resummation, Top-quark},
  journal   = {Comput.Phys.Commun.},
  volume    = {185},
  number    = {11},
  year      = {2014},
  pages     = {2930},
  doi       = {10.1016/J.CPC.2014.06.021},
  publisher = {Elsevier B.V.}
}

@misc{TtbarNNLOTWiki,
  title = {{TtbarNNLO < LHCPhysics < TWiki}},
  url   = {https://twiki.cern.ch/twiki/bin/view/LHCPhysics/TtbarNNLO}
}

@article{Lu2008WLEP,
  author    = {Lu, San and Lu, Quanming and Wang, Rongsheng and -, al and Lazarian, A
               and Zhang, Bing and Xu -, Siyao and Ofierzynski, Radoslaw},
  title     = {{W boson mass and properties at LEP}},
  month     = {5},
  issn      = {1742-6596},
  journal   = {Journal of Physics: Conference Series},
  volume    = {110},
  number    = {4},
  year      = {2008},
  pages     = {042019},
  doi       = {10.1088/1742-6596/110/4/042019},
  publisher = {IOP Publishing},
  url       = {https://iopscience.iop.org/article/10.1088/1742-6596/110/4/042019 https://iopscience.iop.org/article/10.1088/1742-6596/110/4/042019/meta}
}

