@article{Kingma2014Adam:Optimization,
    title = {{Adam: A Method for Stochastic Optimization}},
    year = {2014},
    journal = {3rd International Conference on Learning Representations, ICLR 2015 - Conference Track Proceedings},
    author = {Kingma, Diederik P. and Ba, Jimmy Lei},
    month = {12},
    publisher = {International Conference on Learning Representations, ICLR},
    url = {https://arxiv.org/abs/1412.6980v9},
    arxivId = {1412.6980}
}

@article{Vaswani2017AttentionNeed,
    title = {{Attention Is All You Need}},
    year = {2017},
    journal = {Advances in Neural Information Processing Systems},
    author = {Vaswani, Ashish and Shazeer, Noam and Parmar, Niki and Uszkoreit, Jakob and Jones, Llion and Gomez, Aidan N. and Kaiser, Łukasz and Polosukhin, Illia},
    month = {6},
    pages = {5999--6009},
    volume = {2017-December},
    publisher = {Neural information processing systems foundation},
    url = {https://arxiv.org/abs/1706.03762v7},
    isbn = {1706.03762v7},
    issn = {10495258},
    arxivId = {1706.03762}
}

@article{Ioffe2015BatchShift,
    title = {{Batch Normalization: Accelerating Deep Network Training by Reducing Internal Covariate Shift}},
    year = {2015},
    journal = {32nd International Conference on Machine Learning, ICML 2015},
    author = {Ioffe, Sergey and Szegedy, Christian},
    month = {2},
    pages = {448--456},
    volume = {1},
    publisher = {International Machine Learning Society (IMLS)},
    url = {https://arxiv.org/abs/1502.03167v3},
    isbn = {9781510810587},
    arxivId = {1502.03167},
    keywords = {()}
}

@article{Ho-Phuoc2018CIFAR10Humans,
    title = {{CIFAR10 to Compare Visual Recognition Performance between Deep Neural Networks and Humans}},
    year = {2018},
    author = {Ho-Phuoc, Tien},
    month = {11},
    url = {https://arxiv.org/abs/1811.07270v2},
    arxivId = {1811.07270}
}

@article{FredAgarap2018DeepReLU,
    title = {{Deep Learning using Rectified Linear Units (ReLU)}},
    year = {2018},
    author = {Fred Agarap, Abien M},
    month = {3},
    url = {https://arxiv.org/abs/1803.08375v2},
    arxivId = {1803.08375},
    keywords = {CCS CONCEPTS • Computing methodologies → Supervised learning by clas-sification, KEYWORDS artificial intelligence, Neural networks, artificial neural networks, classification, con-volutional neural network, deep learning, deep neural networks, feed-forward neural network, machine learning, rectified linear units, softmax, supervised learning}
}

@article{He2015DeepRecognition,
    title = {{Deep Residual Learning for Image Recognition}},
    year = {2015},
    journal = {Proceedings of the IEEE Computer Society Conference on Computer Vision and Pattern Recognition},
    author = {He, Kaiming and Zhang, Xiangyu and Ren, Shaoqing and Sun, Jian},
    month = {12},
    pages = {770--778},
    volume = {2016-December},
    publisher = {IEEE Computer Society},
    url = {https://arxiv.org/abs/1512.03385v1},
    isbn = {9781467388504},
    doi = {10.1109/CVPR.2016.90},
    issn = {10636919},
    arxivId = {1512.03385}
}

@article{Srivastava2014Dropout:Overfitting,
    title = {{Dropout: A Simple Way to Prevent Neural Networks from Overfitting}},
    year = {2014},
    journal = {Journal of Machine Learning Research},
    author = {Srivastava, Nitish and Hinton, Geoffrey and Krizhevsky, Alex and Sutskever, Ilya and Salakhutdinov, Ruslan},
    number = {56},
    pages = {1929--1958},
    volume = {15},
    url = {http://jmlr.org/papers/v15/srivastava14a.html},
    issn = {1533-7928},
    keywords = {deep learning, model combination, neural networks, regularization}
}

@article{Ba2016LayerNormalization,
    title = {{Layer Normalization}},
    year = {2016},
    author = {Ba, Jimmy Lei and Kiros, Jamie Ryan and Hinton, Geoffrey E.},
    month = {7},
    url = {https://arxiv.org/abs/1607.06450v1},
    arxivId = {1607.06450}
}

@article{Hornik1989MultilayerApproximators,
    title = {{Multilayer feedforward networks are universal approximators}},
    year = {1989},
    journal = {Neural Networks},
    author = {Hornik, Kurt and Stinchcombe, Maxwell and White, Halbert},
    number = {5},
    month = {1},
    pages = {359--366},
    volume = {2},
    publisher = {Pergamon},
    doi = {10.1016/0893-6080(89)90020-8},
    issn = {0893-6080},
    keywords = {Back-propagation networks, Feedforward networks, Mapping networks, Network representation capability, Sigma-Pi networks, Squashing functions, Stone-Weierstrass Theorem, Universal approximation}
}

@misc{NormalizingNormalization.,
    title = {{Normalizing your data (specifically, input and batch normalization).}},
    url = {https://www.jeremyjordan.me/batch-normalization/}
}

@article{Liu2019OnBeyond,
    title = {{On the Variance of the Adaptive Learning Rate and Beyond}},
    year = {2019},
    journal = {8th International Conference on Learning Representations, ICLR 2020},
    author = {Liu, Liyuan and Jiang, Haoming and He, Pengcheng and Chen, Weizhu and Liu, Xiaodong and Gao, Jianfeng and Han, Jiawei},
    month = {8},
    publisher = {International Conference on Learning Representations, ICLR},
    url = {https://arxiv.org/abs/1908.03265v4},
    arxivId = {1908.03265}
}

@article{Ramachandran2017SearchingFunctions,
    title = {{Searching for Activation Functions}},
    year = {2017},
    journal = {6th International Conference on Learning Representations, ICLR 2018 - Workshop Track Proceedings},
    author = {Ramachandran, Prajit and Zoph, Barret and Le Google Brain, Quoc V},
    month = {10},
    publisher = {International Conference on Learning Representations, ICLR},
    url = {https://arxiv.org/abs/1710.05941v2},
    arxivId = {1710.05941}
}

@article{Safari2020Self-attentionRecognition,
    title = {{Self-attention encoding and pooling for speaker recognition}},
    year = {2020},
    journal = {Proceedings of the Annual Conference of the International Speech Communication Association, INTERSPEECH},
    author = {Safari, Pooyan and India, Miquel and Hernando, Javier},
    month = {8},
    pages = {941--945},
    volume = {2020-October},
    publisher = {International Speech Communication Association},
    url = {https://arxiv.org/abs/2008.01077v1},
    doi = {10.21437/Interspeech.2020-1446},
    issn = {19909772},
    arxivId = {2008.01077},
    keywords = {Self-Attention Encoding, Self-Attention Pooling, Speaker Embedding, Speaker Verification}
}

@article{Rosenblatt1958TheBrain,
    title = {{The perceptron: A probabilistic model for information storage and organization in the brain}},
    year = {1958},
    journal = {Psychological Review},
    author = {Rosenblatt, F.},
    number = {6},
    month = {11},
    pages = {386--408},
    volume = {65},
    doi = {10.1037/H0042519},
    issn = {0033295X},
    pmid = {13602029},
    keywords = {PERCEPTION, AS INFORMATION STORAGE MODEL INFORMATION, STORAGE, MODEL FOR, IN BRAIN BRAIN, INFORMATION STORAGE IN, MODEL FOR LEARNING {\&} MEMORY}
}

@misc{Glorot2010UnderstandingNetworks,
    title = {{Understanding the difficulty of training deep feedforward neural networks}},
    year = {2010},
    author = {Glorot, Xavier and Bengio, Yoshua},
    month = {3},
    pages = {249--256},
    publisher = {JMLR Workshop and Conference Proceedings},
    url = {https://proceedings.mlr.press/v9/glorot10a.html},
    issn = {1938-7228}
}