@misc{2021B-tagging2018.,
    title = {{B-tagging performance of the CMS Legacy dataset 2018.}},
    year = {2021},
    month = {3},
    url = {https://cds.cern.ch/record/2759970},
    keywords = {Machine Learning, Physics Performance and Dataset, Physics Reconstruction {\&} Selection}
}

@misc{2018ElectronConference,
    title = {{Electron and Photon performance in CMS with the full 2017 data sample and additional 2016 highlights for the CALOR 2018 Conference}},
    year = {2018},
    month = {5},
    url = {https://cds.cern.ch/record/2320638},
    keywords = {Physics}
}

@article{Sirunyan2020ExtractionMeasurements,
    title = {{Extraction and validation of a new set of CMS pythia8 tunes from underlying-event measurements}},
    year = {2020},
    journal = {The European Physical Journal C 2019 80:1},
    author = {Sirunyan, A. M. and Tumasyan, A. and Adam, W. and Ambrogi, F. and Asilar, E. and Bergauer, T. and Brandstetter, J. and Dragicevic, M. and Er{\"{o}}, J. and Del Valle, A. Escalante and Flechl, M. and Fr{\"{u}}hwirth, R. and Ghete, V. M. and Hrubec, J. and Jeitler, M. and Krammer, N. and Kr{\"{a}}tschmer, I. and Liko, D. and Madlener, T. and Mikulec, I. and Rad, N. and Rohringer, H. and Schieck, J. and Sch{\"{o}}fbeck, R. and Spanring, M. and Spitzbart, D. and Waltenberger, W. and Wittmann, J. and Wulz, C. E. and Zarucki, M. and Chekhovsky, V. and Mossolov, V. and Gonzalez, J. Suarez and De Wolf, E. A. and Di Croce, D. and Janssen, X. and Lauwers, J. and Pieters, M. and Van Haevermaet, H. and Van Mechelen, P. and Van Remortel, N. and Zeid, S. Abu and Blekman, F. and D’Hondt, J. and De Clercq, J. and Deroover, K. and Flouris, G. and Lontkovskyi, D. and Lowette, S. and Marchesini, I. and Moortgat, S. and Moreels, L. and Python, Q. and Skovpen, K. and Tavernier, S. and Van Doninck, W. and Van Mulders, P. and Van Parijs, I. and Beghin, D. and Bilin, B. and Brun, H. and Clerbaux, B. and De Lentdecker, G. and Delannoy, H. and Dorney, B. and Fasanella, G. and Favart, L. and Goldouzian, R. and Grebenyuk, A. and Kalsi, A. K. and Lenzi, T. and Luetic, J. and Postiau, N. and Starling, E. and Thomas, L. and Velde, C. Vander and Vanlaer, P. and Vannerom, D. and Wang, Q. and Cornelis, T. and Dobur, D. and Fagot, A. and Gul, M. and Khvastunov, I. and Poyraz, D. and Roskas, C. and Trocino, D. and Tytgat, M. and Verbeke, W. and Vermassen, B. and Vit, M. and Zaganidis, N. and Bakhshiansohi, H. and Bondu, O. and Brochet, S. and Bruno, G. and Caputo, C. and David, P. and Delaere, C. and Delcourt, M. and Giammanco, A. and Krintiras, G. and Lemaitre, V. and Magitteri, A. and Piotrzkowski, K. and Saggio, A. and Marono, M. Vidal and Vischia, P. and Wertz, S. and Zobec, J. and Alves, F. L. and Alves, G. A. and Junior, M. Correa Martins and Silva, G. Correia and Hensel, C. and Moraes, A. and Pol, M. E. and Teles, P. Rebello and Chagas, E. Belchior Batista Das and Carvalho, W. and Chinellato, J. and Coelho, E. and Da Costa, E. M. and Da Silveira, G. G. and Damiao, D. De Jesus and Martins, C. De Oliveira and De Souza, S. Fonseca and Malbouisson, H. and Figueiredo, D. Matos and De Almeida, M. Melo and Herrera, C. Mora and Mundim, L. and Nogima, H. and Da Silva, W. L.Prado and Rosas, L. J.Sanchez and Santoro, A. and Sznajder, A. and Thiel, M. and Manganote, E. J.Tonelli and De Araujo, F. Torres Da Silva and Pereira, A. Vilela and Ahuja, S. and Bernardes, C. A. and Calligaris, L. and Tomei, T. R.Fernandez Perez and Gregores, E. M. and Mercadante, P. G. and Novaes, S. F. and Padula, Sandra S. and Aleksandrov, A. and Hadjiiska, R. and Iaydjiev, P. and Marinov, A. and Misheva, M. and Rodozov, M. and Shopova, M. and Sultanov, G. and Dimitrov, A. and Litov, L. and Pavlov, B. and Petkov, P. and Fang, W. and Gao, X. and Yuan, L. and Ahmad, M. and Bian, J. G. and Chen, G. M. and Chen, H. S. and Chen, M. and Chen, Y. and Jiang, C. H. and Leggat, D. and Liao, H. and Liu, Z. and Shaheen, S. M. and Spiezia, A. and Tao, J. and Wang, Z. and Yazgan, E. and Zhang, H. and Zhang, S. and Zhao, J. and Ban, Y. and Chen, G. and Levin, A. and Li, J. and Li, L. and Li, Q. and Mao, Y. and Qian, S. J. and Wang, D. and Wang, Y. and Avila, C. and Cabrera, A. and Montoya, C. A.Carrillo and Sierra, L. F.Chaparro and Florez, C. and Hern{\'{a}}ndez, C. F.González and Delgado, M. A.Segura and Courbon, B. and Godinovic, N. and Lelas, D. and Puljak, I. and Sculac, T. and Antunovic, Z. and Kovac, M. and Brigljevic, V. and Ferencek, D. and Kadija, K. and Mesic, B. and Roguljic, M. and Starodumov, A. and Susa, T. and Ather, M. W. and Attikis, A. and Kolosova, M. and Mavromanolakis, G. and Mousa, J. and Nicolaou, C. and Ptochos, F. and Razis, P. A. and Rykaczewski, H. and Finger, M. and Finger, M. and Ayala, E. and Jarrin, E. Carrera and Mahrous, A. and Mohammed, Y. and Salama, E. and Bhowmik, S. and De Oliveira, A. Carvalho Antunes and Dewanjee, R. K. and Ehataht, K. and Kadastik, M. and Raidal, M. and Veelken, C. and Eerola, P. and Kirschenmann, H. and Pekkanen, J. and Voutilainen, M. and Havukainen, J. and Heikkil{\"{a}}, J. K. and J{\"{a}}rvinen, T. and Karim{\"{a}}ki, V. and Kinnunen, R. and Lamp{\'{e}}n, T. and Lassila-Perini, K. and Laurila, S. and Lehti, S. and Lind{\'{e}}n, T. and Luukka, P. and M{\"{a}}enp{\"{a}}{\"{a}}, T. and Siikonen, H. and Tuominen, E. and Tuominiemi, J. and Tuuva, T. and Besancon, M. and Couderc, F. and Dejardin, M. and Denegri, D. and Faure, J. L. and Ferri, F. and Ganjour, S. and Givernaud, A. and Gras, P. and de Monchenault, G. Hamel and Jarry, P. and Leloup, C. and Locci, E. and Malcles, J. and Negro, G. and Rander, J. and Rosowsky, A. and Sahin, M. and Titov, M. and Abdulsalam, A. and Amendola, C. and Antropov, I. and Beaudette, F. and Busson, P. and Charlot, C. and de Cassagnac, R. Granier and Kucher, I. and Lobanov, A. and Blanco, J. Martin and Perez, C. Martin and Nguyen, M. and Ochando, C. and Ortona, G. and Paganini, P. and Rembser, J. and Salerno, R. and Sauvan, J. B. and Sirois, Y. and Leiton, A. G.Stahl and Zabi, A. and Zghiche, A. and Agram, J. L. and Andrea, J. and Bloch, D. and Brom, J. M. and Chabert, E. C. and Cherepanov, V. and Collard, C. and Conte, E. and Fontaine, J. C. and Gel{\'{e}}, D. and Goerlach, U. and Jansov{\'{a}}, M. and Bihan, A. C.Le and Tonon, N. and Van Hove, P. and Gadrat, S. and Beauceron, S. and Bernet, C. and Boudoul, G. and Chanon, N. and Chierici, R. and Contardo, D. and Depasse, P. and Mamouni, H. El and Fay, J. and Finco, L. and Gascon, S. and Gouzevitch, M. and Grenier, G. and Ille, B. and Lagarde, F. and Laktineh, I. B. and Lattaud, H. and Lethuillier, M. and Mirabito, L. and Perries, S. and Popov, A. and Sordini, V. and Touquet, G. and Donckt, M. Vander and Viret, S. and Toriashvili, T. and Tsamalaidze, Z. and Autermann, C. and Feld, L. and Kiesel, M. K. and Klein, K. and Lipinski, M. and Preuten, M. and Rauch, M. P. and Schomakers, C. and Schulz, J. and Teroerde, M. and Wittmer, B. and Albert, A. and Duchardt, D. and Erdmann, M. and Erdweg, S. and Esch, T. and Fischer, R. and Ghosh, S. and G{\"{u}}th, A. and Hebbeker, T. and Heidemann, C. and Hoepfner, K. and Keller, H. and Mastrolorenzo, L. and Merschmeyer, M. and Meyer, A. and Millet, P. and Mukherjee, S. and Pook, T. and Radziej, M. and Reithler, H. and Rieger, M. and Schmidt, A. and Teyssier, D. and Th{\"{u}}er, S. and Fl{\"{u}}gge, G. and Hlushchenko, O. and Kress, T. and M{\"{u}}ller, T. and Nehrkorn, A. and Nowack, A. and Pistone, C. and Pooth, O. and Roy, D. and Sert, H. and Stahl, A. and Martin, M. Aldaya and Arndt, T. and Asawatangtrakuldee, C. and Babounikau, I. and Beernaert, K. and Behnke, O. and Behrens, U. and Mart{\'{i}}nez, A. Bermúdez and Bertsche, D. and Anuar, A. A.Bin and Borras, K. and Botta, V. and Campbell, A. and Connor, P. and Contreras-Campana, C. and Danilov, V. and De Wit, A. and Defranchis, M. M. and Pardos, C. Diez and Damiani, D. Domínguez and Eckerlin, G. and Eichhorn, T. and Elwood, A. and Eren, E. and Gallo, E. and Geiser, A. and Luyando, J. M.Grados and Grohsjean, A. and Guthoff, M. and Haranko, M. and Harb, A. and Jung, H. and Kasemann, M. and Keaveney, J. and Kleinwort, C. and Knolle, J. and Kr{\"{u}}cker, D. and Lange, W. and Lelek, A. and Lenz, T. and Leonard, J. and Lipka, K. and Lohmann, W. and Mankel, R. and Melzer-Pellmann, I. A. and Meyer, A. B. and Meyer, M. and Missiroli, M. and Mnich, J. and Myronenko, V. and Pflitsch, S. K. and Pitzl, D. and Raspereza, A. and Saxena, P. and Sch{\"{u}}tze, P. and Schwanenberger, C. and Shevchenko, R. and Singh, A. and Tholen, H. and Turkot, O. and Vagnerini, A. and Van De Klundert, M. and Van Onsem, G. P. and Walsh, R. and Wen, Y. and Wichmann, K. and Wissing, C. and Zenaiev, O. and Aggleton, R. and Bein, S. and Benato, L. and Benecke, A. and Blobel, V. and Dreyer, T. and Ebrahimi, A. and Garutti, E. and Gonzalez, D. and Gunnellini, P. and Haller, J. and Hinzmann, A. and Karavdina, A. and Kasieczka, G. and Klanner, R. and Kogler, R. and Kovalchuk, N. and Kurz, S. and Kutzner, V. and Lange, J. and Marconi, D. and Multhaup, J. and Niedziela, M. and Niemeyer, C. E.N. and Nowatschin, D. and Perieanu, A. and Reimers, A. and Rieger, O. and Scharf, C. and Schleper, P. and Schumann, S. and Schwandt, J. and Sonneveld, J. and Stadie, H. and Steinbr{\"{u}}ck, G. and Stober, F. M. and St{\"{o}}ver, M. and Vormwald, B. and Zoi, I. and Akbiyik, M. and Barth, C. and Baselga, M. and Baur, S. and Butz, E. and Caspart, R. and Chwalek, T. and Colombo, F. and De Boer, W. and Dierlamm, A. and El Morabit, K. and Faltermann, N. and Freund, B. and Giffels, M. and Harrendorf, M. A. and Hartmann, F. and Heindl, S. M. and Husemann, U. and Katkov, I. and Kudella, S. and Mitra, S. and Mozer, M. U. and M{\"{u}}ller, Th and Musich, M. and Plagge, M. and Quast, G. and Rabbertz, K. and Schr{\"{o}}der, M. and Shvetsov, I. and Simonis, H. J. and Ulrich, R. and Wayand, S. and Weber, M. and Weiler, T. and W{\"{o}}hrmann, C. and Wolf, R. and Anagnostou, G. and Daskalakis, G. and Geralis, T. and Kyriakis, A. and Loukas, D. and Paspalaki, G. and Agapitos, A. and Karathanasis, G. and Kontaxakis, P. and Panagiotou, A. and Papavergou, I. and Saoulidou, N. and Tziaferi, E. and Vellidis, K. and Kousouris, K. and Papakrivopoulos, I. and Tsipolitis, G. and Evangelou, I. and Foudas, C. and Gianneios, P. and Katsoulis, P. and Kokkas, P. and Mallios, S. and Manthos, N. and Papadopoulos, I. and Paradas, E. and Strologas, J. and Triantis, F. A. and Tsitsonis, D. and Bart{\'{o}}k, M. and Csanad, M. and Filipovic, N. and Major, P. and Nagy, M. I. and Pasztor, G. and Sur{\'{a}}nyi, O. and Veres, G. I. and Bencze, G. and Hajdu, C. and Horvath, D. and {Hunyadi} and Sikler, F. and V{\'{a}}mi, T. and Veszpremi, V. and Vesztergombi, G. and Beni, N. and Czellar, S. and Karancsi, J. and Makovec, A. and Molnar, J. and Szillasi, Z. and Raics, P. and Trocsanyi, Z. L. and Ujvari, B. and Choudhury, S. and Komaragiri, J. R. and Tiwari, P. C. and Bahinipati, S. and Kar, C. and Mal, P. and Mandal, K. and Nayak, A. and Roy Chowdhury, S. and Sahoo, D. K. and Swain, S. K. and Bansal, S. and Beri, S. B. and Bhatnagar, V. and Chauhan, S. and Chawla, R. and Dhingra, N. and Gill, S. K. and Gupta, R. and Kaur, A. and Kaur, M. and Kumari, P. and Lohan, M. and Meena, M. and Mehta, A. and Sandeep, K. and Sharma, S. and Singh, J. B. and Virdi, A. K. and Walia, G. and Bhardwaj, A. and Choudhary, B. C. and Garg, R. B. and Gola, M. and Keshri, S. and Kumar, Ashok and Malhotra, S. and Naimuddin, M. and Priyanka, P. and Ranjan, K. and Shah, Aashaq and Sharma, R. and Bhardwaj, R. and Bharti, M. and Bhattacharya, R. and Bhattacharya, S. and Bhawandeep, U. and Bhowmik, D. and Dey, S. and Dutt, S. and Dutta, S. and Ghosh, S. and Mondal, K. and Nandan, S. and Purohit, A. and Rout, P. K. and Roy, A. and Saha, G. and Sarkar, S. and Sharan, M. and Singh, B. and Thakur, S. and Behera, P. K. and Muhammad, A. and Chudasama, R. and Dutta, D. and Jha, V. and Kumar, V. and Mishra, D. K. and Netrakanti, P. K. and Pant, L. M. and Shukla, P. and Suggisetti, P. and Aziz, T. and Bhat, M. A. and Dugad, S. and Mohanty, G. B. and Sur, N. and Verma, Ravindra Kumar and Banerjee, S. and Bhattacharya, S. and Chatterjee, S. and Das, P. and Guchait, M. and Jain, Sa and Karmakar, S. and Kumar, S. and Maity, M. and Majumder, G. and Mazumdar, K. and Sahoo, N. and Sarkar, T. and Chauhan, S. and Dube, S. and Hegde, V. and Kapoor, A. and Kothekar, K. and Pandey, S. and Rane, A. and Rastogi, A. and Sharma, S. and Chenarani, S. and Tadavani, E. Eskandari and Etesami, S. M. and Khakzad, M. and Najafabadi, M. Mohammadi and Naseri, M. and Hosseinabadi, F. Rezaei and Safarzadeh, B. and Zeinali, M. and Felcini, M. and Grunewald, M. and Abbrescia, M. and Calabria, C. and Colaleo, A. and Creanza, D. and Cristella, L. and De Filippis, N. and De Palma, M. and Di Florio, A. and Errico, F. and Fiore, L. and Gelmi, A. and Iaselli, G. and Ince, M. and Lezki, S. and Maggi, G. and Maggi, M. and Miniello, G. and My, S. and Nuzzo, S. and Pompili, A. and Pugliese, G. and Radogna, R. and Ranieri, A. and Selvaggi, G. and Sharma, A. and Silvestris, L. and Venditti, R. and Verwilligen, P. and Abbiendi, G. and Battilana, C. and Bonacorsi, D. and Borgonovi, L. and Braibant-Giacomelli, S. and Campanini, R. and Capiluppi, P. and Castro, A. and Cavallo, F. R. and Chhibra, S. S. and Codispoti, G. and Cuffiani, M. and Dallavalle, G. M. and Fabbri, F. and Fanfani, A. and Fontanesi, E. and Giacomelli, P. and Grandi, C. and Guiducci, L. and Iemmi, F. and Lo Meo, S. and Marcellini, S. and Masetti, G. and Montanari, A. and Navarria, F. L. and Perrotta, A. and Primavera, F. and Rossi, A. M. and Rovelli, T. and Siroli, G. P. and Tosi, N. and Albergo, S. and Di Mattia, A. and Potenza, R. and Tricomi, A. and Tuve, C. and Barbagli, G. and Chatterjee, K. and Ciulli, V. and Civinini, C. and D’Alessandro, R. and Focardi, E. and Latino, G. and Lenzi, P. and Meschini, M. and Paoletti, S. and Russo, L. and Sguazzoni, G. and Strom, D. and Viliani, L. and Benussi, L. and Bianco, S. and Fabbri, F. and Piccolo, D. and Ferro, F. and Mulargia, R. and Robutti, E. and Tosi, S. and Benaglia, A. and Beschi, A. and Brivio, F. and Ciriolo, V. and Di Guida, S. and Dinardo, M. E. and Fiorendi, S. and Gennai, S. and Ghezzi, A. and Govoni, P. and Malberti, M. and Malvezzi, S. and Menasce, D. and Monti, F. and Moroni, L. and Paganoni, M. and Pedrini, D. and Ragazzi, S. and de Fatis, T. Tabarelli and Zuolo, D. and Buontempo, S. and Cavallo, N. and De Iorio, A. and Di Crescenzo, A. and Fabozzi, F. and Fienga, F. and Galati, G. and Iorio, A. O.M. and Lista, L. and Meola, S. and Paolucci, P. and Sciacca, C. and Voevodina, E. and Azzi, P. and Bacchetta, N. and Bisello, D. and Boletti, A. and Bragagnolo, A. and Carlin, R. and Checchia, P. and Dall’Osso, M. and Manzano, P. De Castro and Dorigo, T. and Dosselli, U. and Gasparini, F. and Gasparini, U. and Gozzelino, A. and Hoh, S. Y. and Lacaprara, S. and Lujan, P. and Margoni, M. and Meneguzzo, A. T. and Pazzini, J. and Presilla, M. and Ronchese, P. and Rossin, R. and Simonetto, F. and Tiko, A. and Torassa, E. and Tosi, M. and Zanetti, M. and Zotto, P. and Zumerle, G. and Braghieri, A. and Magnani, A. and Montagna, P. and Ratti, S. P. and Re, V. and Ressegotti, M. and Riccardi, C. and Salvini, P. and Vai, I. and Vitulo, P. and Biasini, M. and Bilei, G. M. and Cecchi, C. and Ciangottini, D. and Fan{\`{o}}, L. and Lariccia, P. and Leonardi, R. and Manoni, E. and Mantovani, G. and Mariani, V. and Menichelli, M. and Rossi, A. and Santocchia, A. and Spiga, D. and Androsov, K. and Azzurri, P. and Bagliesi, G. and Bianchini, L. and Boccali, T. and Borrello, L. and Castaldi, R. and Ciocci, M. A. and Dell’Orso, R. and Fedi, G. and Fiori, F. and Giannini, L. and Giassi, A. and Grippo, M. T. and Ligabue, F. and Manca, E. and Mandorli, G. and Messineo, A. and Palla, F. and Rizzi, A. and Rolandi, G. and Spagnolo, P. and Tenchini, R. and Tonelli, G. and Venturi, A. and Verdini, P. G. and Barone, L. and Cavallari, F. and Cipriani, M. and Del Re, D. and Di Marco, E. and Diemoz, M. and Gelli, S. and Longo, E. and Marzocchi, B. and Meridiani, P. and Organtini, G. and Pandolfi, F. and Paramatti, R. and Preiato, F. and Rahatlou, S. and Rovelli, C. and Santanastasio, F. and Amapane, N. and Arcidiacono, R. and Argiro, S. and Arneodo, M. and Bartosik, N. and Bellan, R. and Biino, C. and Cappati, A. and Cartiglia, N. and Cenna, F. and Cometti, S. and Costa, M. and Covarelli, R. and Demaria, N. and Kiani, B. and Mariotti, C. and Maselli, S. and Migliore, E. and Monaco, V. and Monteil, E. and Monteno, M. and Obertino, M. M. and Pacher, L. and Pastrone, N. and Pelliccioni, M. and Angioni, G. L.Pinna and Romero, A. and Ruspa, M. and Sacchi, R. and Salvatico, R. and Shchelina, K. and Sola, V. and Solano, A. and Soldi, D. and Staiano, A. and Belforte, S. and Candelise, V. and Casarsa, M. and Cossutti, F. and Da Rold, A. and Della Ricca, G. and Vazzoler, F. and Zanetti, A. and Kim, D. H. and Kim, G. N. and Kim, M. S. and Lee, J. and Lee, S. and Lee, S. W. and Moon, C. S. and Oh, Y. D. and Pak, S. I. and Sekmen, S. and Son, D. C. and Yang, Y. C. and Kim, H. and Moon, D. H. and Oh, G. and Francois, B. and Goh, J. and Kim, T. J. and Cho, S. and Choi, S. and Go, Y. and Gyun, D. and Ha, S. and Hong, B. and Jo, Y. and Lee, K. and Lee, K. S. and Lee, S. and Lim, J. and Park, S. K. and Roh, Y. and Kim, H. S. and Almond, J. and Kim, J. and Kim, J. S. and Lee, H. and Lee, K. and Nam, K. and Oh, S. B. and Radburn-Smith, B. C. and Seo, Sh and Yang, U. K. and Yoo, H. D. and Yu, G. B. and Jeon, D. and Kim, H. and Kim, J. H. and Lee, J. S.H. and Park, I. C. and Choi, Y. and Hwang, C. and Lee, J. and Yu, I. and Dudenas, V. and Juodagalvis, A. and Vaitkus, J. and Ibrahim, Z. A. and Ali, M. A.B.Md and Idris, F. Mohamad and Abdullah, W. A.T.Wan and Yusli, M. N. and Zolkapli, Z. and Benitez, J. F. and Hernandez, A. Castaneda and Quijada, J. A.Murillo and Castilla-Valdez, H. and Cruz-Burelo, E. De La and Duran-Osuna, M. C. and La Cruz, I. Heredia De and Lopez-Fernandez, R. and Guisao, J. Mejia and Rabadan-Trejo, R. I. and Ramirez-Garcia, M. and Ramirez-Sanchez, G. and Reyes-Almanza, R. and Sanchez-Hernandez, A. and Moreno, S. Carrillo and Barrera, C. Oropeza and Valencia, F. Vazquez and Eysermans, J. and Pedraza, I. and Ibarguen, H. A.Salazar and Estrada, C. Uribe and Pineda, A. Morelos and Krofcheck, D. and Bheesette, S. and Butler, P. H. and Ahmad, A. and Ahmad, M. and Asghar, M. I. and Hassan, Q. and Hoorani, H. R. and Khan, W. A. and Saddique, A. and Shah, M. A. and Shoaib, M. and Waqas, M. and Bialkowska, H. and Bluj, M. and Boimska, B. and Frueboes, T. and G{\'{o}}rski, M. and Kazana, M. and Szleper, M. and Traczyk, P. and Zalewski, P. and Bunkowski, K. and Byszuk, A. and Doroba, K. and Kalinowski, A. and Konecki, M. and Krolikowski, J. and Misiura, M. and Olszewski, M. and Pyskir, A. and Walczak, M. and Araujo, M. and Bargassa, P. and Silva, C. Beirão Da Cruz E. and Di Francesco, A. and Faccioli, P. and Galinhas, B. and Gallinaro, M. and Hollar, J. and Leonardo, N. and Seixas, J. and Strong, G. and Toldaiev, O. and Varela, J. and Afanasiev, S. and Bunin, P. and Gavrilenko, M. and Golutvin, I. and Gorbunov, I. and Kamenev, A. and Karjavine, V. and Lanev, A. and Malakhov, A. and Matveev, V. and Moisenz, P. and Palichik, V. and Perelygin, V. and Shmatov, S. and Shulha, S. and Skatchkov, N. and Smirnov, V. and Voytishin, N. and Zarubin, A. and Golovtsov, V. and Ivanov, Y. and Kim, V. and Kuznetsova, E. and Levchenko, P. and Murzin, V. and Oreshkin, V. and Smirnov, I. and Sosnov, D. and Sulimov, V. and Uvarov, L. and Vavilov, S. and Vorobyev, A. and Andreev, Yu and Dermenev, A. and Gninenko, S. and Golubev, N. and Karneyeu, A. and Kirsanov, M. and Krasnikov, N. and Pashenkov, A. and Shabanov, A. and Tlisov, D. and Toropin, A. and Epshteyn, V. and Gavrilov, V. and Lychkovskaya, N. and Popov, V. and Pozdnyakov, I. and Safronov, G. and Spiridonov, A. and Stepennov, A. and Stolin, V. and Toms, M. and Vlasov, E. and Zhokin, A. and Aushev, T. and Chistov, R. and Danilov, M. and Polikarpov, S. and Tarkovskii, E. and Andreev, V. and Azarkin, M. and Dremin, I. and Kirakosyan, M. and Terkulov, A. and Baskakov, A. and Belyaev, A. and Boos, E. and Dubinin, M. and Dudko, L. and Ershov, A. and Gribushin, A. and Klyukhin, V. and Kodolova, O. and Lokhtin, I. and Miagkov, I. and Obraztsov, S. and Petrushanko, S. and Savrin, V. and Snigirev, A. and Barnyakov, A. and Blinov, V. and Dimova, T. and Kardapoltsev, L. and Skovpen, Y. and Azhgirey, I. and Bayshev, I. and Bitioukov, S. and Kachanov, V. and Kalinin, A. and Konstantinov, D. and Mandrik, P. and Petrov, V. and Ryutin, R. and Slabospitskii, S. and Sobol, A. and Troshin, S. and Tyurin, N. and Uzunian, A. and Volkov, A. and Babaev, A. and Baidali, S. and Okhotnikov, V. and Adzic, P. and Cirkovic, P. and Devetak, D. and Dordevic, M. and Milosevic, J. and Maestre, J. Alcaraz and Fern{\'{a}}ndez, A. Álvarez and Bachiller, I. and Luna, M. Barrio and Cifuentes, J. A.Brochero and Cerrada, M. and Colino, N. and Cruz, B. De La and Peris, A. Delgado and Bedoya, C. Fernandez and Ramos, J. P.Fernández and Flix, J. and Fouz, M. C. and Lopez, O. Gonzalez and Lopez, S. Goy and Hernandez, J. M. and Josa, M. I. and Moran, D. and Yzquierdo, A. Pérez Calero and Pelayo, J. Puerta and Redondo, I. and Romero, L. and Navas, S. Sánchez and Soares, M. S. and Triossi, A. and Albajar, C. and de Troc{\'{o}}niz, J. F. and Cuevas, J. and Erice, C. and Menendez, J. Fernandez and Folgueras, S. and Caballero, I. Gonzalez and Fern{\'{a}}ndez, J. R.González and Cortezon, E. Palencia and Bouza, V. Rodríguez and Cruz, S. Sanchez and Garcia, J. M.Vizan and Cabrillo, I. J. and Calderon, A. and Quero, B. Chazin and Campderros, J. Duarte and Fernandez, M. and Manteca, P. J.Fernández and Alonso, A. García and Garcia-Ferrero, J. and Gomez, G. and Virto, A. Lopez and Marco, J. and Rivero, C. Martinez and del Arbol, P. Martinez Ruiz and Matorras, F. and Gomez, J. Piedra and Prieels, C. and Rodrigo, T. and Ruiz-Jimeno, A. and Scodellaro, L. and Trevisani, N. and Vila, I. and Cortabitarte, R. Vilar and Wickramage, N. and Abbaneo, D. and Akgun, B. and Auffray, E. and Auzinger, G. and Baillon, P. and Ball, A. H. and Barney, D. and Bendavid, J. and Bianco, M. and Bocci, A. and Botta, C. and Brondolin, E. and Camporesi, T. and Cepeda, M. and Cerminara, G. and Chapon, E. and Chen, Y. and Cucciati, G. and d’Enterria, D. and Dabrowski, A. and Daci, N. and Daponte, V. and David, A. and De Roeck, A. and Deelen, N. and Dobson, M. and D{\"{u}}nser, M. and Dupont, N. and Elliott-Peisert, A. and Everaerts, P. and Fallavollita, F. and Fasanella, D. and Franzoni, G. and Fulcher, J. and Funk, W. and Gigi, D. and Gilbert, A. and Gill, K. and Glege, F. and Gruchala, M. and Guilbaud, M. and Gulhan, D. and Hegeman, J. and Heidegger, C. and Innocente, V. and Jafari, A. and Janot, P. and Karacheban, O. and Kieseler, J. and Kornmayer, A. and Krammer, M. and Lange, C. and Lecoq, P. and Louren{\c{c}}o, C. and Malgeri, L. and Mannelli, M. and Massironi, A. and Meijers, F. and Merlin, J. A. and Mersi, S. and Meschi, E. and Milenovic, P. and Moortgat, F. and Mulders, M. and Ngadiuba, J. and Nourbakhsh, S. and Orfanelli, S. and Orsini, L. and Pantaleo, F. and Pape, L. and Perez, E. and Peruzzi, M. and Petrilli, A. and Petrucciani, G. and Pfeiffer, A. and Pierini, M. and Pitters, F. M. and Rabady, D. and Racz, A. and Reis, T. and Rovere, M. and Sakulin, H. and Sch{\"{a}}fer, C. and Schwick, C. and Selvaggi, M. and Sharma, A. and Silva, P. and Sphicas, P. and Stakia, A. and Steggemann, J. and Treille, D. and Tsirou, A. and Vartak, A. and Veckalns, V. and Verzetti, M. and Zeuner, W. D. and Caminada, L. and Deiters, K. and Erdmann, W. and Horisberger, R. and Ingram, Q. and Kaestli, H. C. and Kotlinski, D. and Langenegger, U. and Rohe, T. and Wiederkehr, S. A. and Backhaus, M. and B{\"{a}}ni, L. and Berger, P. and Chernyavskaya, N. and Dissertori, G. and Dittmar, M. and Doneg{\`{a}}, M. and Dorfer, C. and G{\'{o}}mez Espinosa, T. A. and Grab, C. and Hits, D. and Klijnsma, T. and Lustermann, W. and Manzoni, R. A. and Marionneau, M. and Meinhard, M. T. and Micheli, F. and Musella, P. and Nessi-Tedaldi, F. and Pauss, F. and Perrin, G. and Perrozzi, L. and Pigazzini, S. and Reissel, C. and Ruini, D. and Becerra, D. A.Sanz and Sch{\"{o}}nenberger, M. and Shchutska, L. and Tavolaro, V. R. and Theofilatos, K. and Olsson, M. L.Vesterbacka and Wallny, R. and Zhu, D. H. and Aarrestad, T. K. and Amsler, C. and Brzhechko, D. and Canelli, M. F. and De Cosa, A. and Del Burgo, R. and Donato, S. and Galloni, C. and Hreus, T. and Kilminster, B. and Leontsinis, S. and Neutelings, I. and Rauco, G. and Robmann, P. and Salerno, D. and Schweiger, K. and Seitz, C. and Takahashi, Y. and Zucchetta, A. and Doan, T. H. and Khurana, R. and Kuo, C. M. and Lin, W. and Pozdnyakov, A. and Yu, S. S. and Chang, P. and Chao, Y. and Chen, K. F. and Chen, P. H. and Hou, W. S. and Liu, Y. F. and Lu, R. S. and Paganis, E. and Psallidas, A. and Steen, A. and Asavapibhop, B. and Srimanobhas, N. and Suwonjandee, N. and Bat, A. and Boran, F. and Cerci, S. and Damarseckin, S. and Demiroglu, Z. S. and Dolek, F. and Dozen, C. and Eskut, E. and Gokbulut, G. and Guler, Y. and Gurpinar, E. and Hos, I. and Isik, C. and Kangal, E. E. and Kara, O. and Topaksu, A. Kayis and Kiminsu, U. and Oglakci, M. and Onengut, G. and Ozdemir, K. and Polatoz, A. and Cerci, D. Sunar and Tali, B. and Tok, U. G. and Turkcapar, S. and Zorbakir, I. S. and Zorbilmez, C. and Isildak, B. and Karapinar, G. and Yalvac, M. and Zeyrek, M. and Atakisi, I. O. and G{\"{u}}lmez, E. and Kaya, M. and Kaya, O. and Ozkorucuklu, S. and Tekten, S. and Yetkin, E. A. and Agaras, M. N. and Cakir, A. and Cankocak, K. and Komurcu, Y. and Sen, S. and Grynyov, B. and Levchuk, L. and Ball, F. and Brooke, J. J. and Burns, D. and Clement, E. and Cussans, D. and Davignon, O. and Flacher, H. and Goldstein, J. and Heath, G. P. and Heath, H. F. and Kreczko, L. and Newbold, D. M. and Paramesvaran, S. and Penning, B. and Sakuma, T. and Smith, D. and Smith, V. J. and Taylor, J. and Titterton, A. and Bell, K. W. and Belyaev, A. and Brew, C. and Brown, R. M. and Cieri, D. and Cockerill, D. J.A. and Coughlan, J. A. and Harder, K. and Harper, S. and Linacre, J. and Manolopoulos, K. and Olaiya, E. and Petyt, D. and Shepherd-Themistocleous, C. H. and Thea, A. and Tomalin, I. R. and Williams, T. and Womersley, W. J. and Bainbridge, R. and Bloch, P. and Borg, J. and Breeze, S. and Buchmuller, O. and Bundock, A. and Colling, D. and Dauncey, P. and Davies, G. and Della Negra, M. and Di Maria, R. and Hall, G. and Iles, G. and James, T. and Komm, M. and Lyons, L. and Magnan, A. M. and Malik, S. and Martelli, A. and Nash, J. and Nikitenko, A. and Palladino, V. and Pesaresi, M. and Raymond, D. M. and Richards, A. and Rose, A. and Scott, E. and Seez, C. and Shtipliyski, A. and Singh, G. and Stoye, M. and Strebler, T. and Summers, S. and Tapper, A. and Uchida, K. and Virdee, T. and Wardle, N. and Winterbottom, D. and Zenz, S. C. and Cole, J. E. and Hobson, P. R. and Khan, A. and Kyberd, P. and Mackay, C. K. and Morton, A. and Reid, I. D. and Teodorescu, L. and Zahid, S. and Call, K. and Dittmann, J. and Hatakeyama, K. and Liu, H. and Madrid, C. and McMaster, B. and Pastika, N. and Smith, C. and Bartek, R. and Dominguez, A. and Buccilli, A. and Cooper, S. I. and Henderson, C. and Rumerio, P. and West, C. and Arcaro, D. and Bose, T. and Gastler, D. and Girgis, S. and Pinna, D. and Rankin, D. and Richardson, C. and Rohlf, J. and Sulak, L. and Zou, D. and Benelli, G. and Coubez, X. and Cutts, D. and Hadley, M. and Hakala, J. and Heintz, U. and Hogan, J. M. and Kwok, K. H.M. and Laird, E. and Landsberg, G. and Lee, J. and Mao, Z. and Narain, M. and Sagir, S. and Syarif, R. and Usai, E. and Yu, D. and Band, R. and Brainerd, C. and Breedon, R. and Burns, D. and De La Barca Sanchez, M. Calderon and Chertok, M. and Conway, J. and Conway, R. and Cox, P. T. and Erbacher, R. and Flores, C. and Funk, G. and Ko, W. and Kukral, O. and Lander, R. and Mulhearn, M. and Pellett, D. and Pilot, J. and Shalhout, S. and Shi, M. and Stolp, D. and Taylor, D. and Tos, K. and Tripathi, M. and Wang, Z. and Zhang, F. and Bachtis, M. and Bravo, C. and Cousins, R. and Dasgupta, A. and Florent, A. and Hauser, J. and Ignatenko, M. and Mccoll, N. and Regnard, S. and Saltzberg, D. and Schnaible, C. and Valuev, V. and Bouvier, E. and Burt, K. and Clare, R. and Gary, J. W. and Shirazi, S. M.A.Ghiasi and Hanson, G. and Karapostoli, G. and Kennedy, E. and Lacroix, F. and Long, O. R. and Negrete, M. Olmedo and Paneva, M. I. and Si, W. and Wang, L. and Wei, H. and Wimpenny, S. and Yates, B. R. and Branson, J. G. and Chang, P. and Cittolin, S. and Derdzinski, M. and Gerosa, R. and Gilbert, D. and Hashemi, B. and Holzner, A. and Klein, D. and Kole, G. and Krutelyov, V. and Letts, J. and Masciovecchio, M. and Olivito, D. and Padhi, S. and Pieri, M. and Sharma, V. and Simon, S. and Tadel, M. and Wood, J. and W{\"{u}}rthwein, F. and Yagil, A. and Della Porta, G. Zevi and Amin, N. and Bhandari, R. and Campagnari, C. and Citron, M. and Dutta, V. and Sevilla, M. Franco and Gouskos, L. and Heller, R. and Incandela, J. and Mei, H. and Ovcharova, A. and Qu, H. and Richman, J. and Stuart, D. and Suarez, I. and Wang, S. and Yoo, J. and Anderson, D. and Bornheim, A. and Lawhorn, J. M. and Lu, N. and Newman, H. B. and Nguyen, T. Q. and Pata, J. and Spiropulu, M. and Vlimant, J. R. and Wilkinson, R. and Xie, S. and Zhang, Z. and Zhu, R. Y. and Andrews, M. B. and Ferguson, T. and Mudholkar, T. and Paulini, M. and Sun, M. and Vorobiev, I. and Weinberg, M. and Cumalat, J. P. and Ford, W. T. and Jensen, F. and Johnson, A. and MacDonald, E. and Mulholland, T. and Patel, R. and Perloff, A. and Stenson, K. and Ulmer, K. A. and Wagner, S. R. and Alexander, J. and Chaves, J. and Cheng, Y. and Chu, J. and Datta, A. and Mcdermott, K. and Mirman, N. and Patterson, J. R. and Quach, D. and Rinkevicius, A. and Ryd, A. and Skinnari, L. and Soffi, L. and Tan, S. M. and Tao, Z. and Thom, J. and Tucker, J. and Wittich, P. and Zientek, M. and Abdullin, S. and Albrow, M. and Alyari, M. and Apollinari, G. and Apresyan, A. and Apyan, A. and Banerjee, S. and Bauerdick, L. A.T. and Beretvas, A. and Berryhill, J. and Bhat, P. C. and Burkett, K. and Butler, J. N. and Canepa, A. and Cerati, G. B. and Cheung, H. W.K. and Chlebana, F. and Cremonesi, M. and Duarte, J. and Elvira, V. D. and Freeman, J. and Gecse, Z. and Gottschalk, E. and Gray, L. and Green, D. and Gr{\"{u}}nendahl, S. and Gutsche, O. and Hanlon, J. and Harris, R. M. and Hasegawa, S. and Hirschauer, J. and Hu, Z. and Jayatilaka, B. and Jindariani, S. and Johnson, M. and Joshi, U. and Klima, B. and Kortelainen, M. J. and Kreis, B. and Lammel, S. and Lincoln, D. and Lipton, R. and Liu, M. and Liu, T. and Lykken, J. and Maeshima, K. and Marraffino, J. M. and Mason, D. and McBride, P. and Merkel, P. and Mrenna, S. and Nahn, S. and O’Dell, V. and Pedro, K. and Pena, C. and Prokofyev, O. and Rakness, G. and Ravera, F. and Reinsvold, A. and Ristori, L. and Savoy-Navarro, A. and Schneider, B. and Sexton-Kennedy, E. and Soha, A. and Spalding, W. J. and Spiegel, L. and Stoynev, S. and Strait, J. and Strobbe, N. and Taylor, L. and Tkaczyk, S. and Tran, N. V. and Uplegger, L. and Vaandering, E. W. and Vernieri, C. and Verzocchi, M. and Vidal, R. and Wang, M. and Weber, H. A. and Whitbeck, A. and Acosta, D. and Avery, P. and Bortignon, P. and Bourilkov, D. and Brinkerhoff, A. and Cadamuro, L. and Carnes, A. and Curry, D. and Field, R. D. and Gleyzer, S. V. and Joshi, B. M. and Konigsberg, J. and Korytov, A. and Lo, K. H. and Ma, P. and Matchev, K. and Mitselmakher, G. and Rosenzweig, D. and Shi, K. and Sperka, D. and Wang, J. and Wang, S. and Zuo, X. and Joshi, Y. R. and Linn, S. and Ackert, A. and Adams, T. and Askew, A. and Hagopian, S. and Hagopian, V. and Johnson, K. F. and Kolberg, T. and Martinez, G. and Perry, T. and Prosper, H. and Saha, A. and Schiber, C. and Yohay, R. and Baarmand, M. M. and Bhopatkar, V. and Colafranceschi, S. and Hohlmann, M. and Noonan, D. and Rahmani, M. and Roy, T. and Saunders, M. and Yumiceva, F. and Adams, M. R. and Apanasevich, L. and Berry, D. and Betts, R. R. and Cavanaugh, R. and Chen, X. and Dittmer, S. and Evdokimov, O. and Gerber, C. E. and Hangal, D. A. and Hofman, D. J. and Jung, K. and Kamin, J. and Mills, C. and Tonjes, M. B. and Varelas, N. and Wang, H. and Wang, X. and Wu, Z. and Zhang, J. and Alhusseini, M. and Bilki, B. and Clarida, W. and Dilsiz, K. and Durgut, S. and Gandrajula, R. P. and Haytmyradov, M. and Khristenko, V. and Merlo, J. P. and Mestvirishvili, A. and Moeller, A. and Nachtman, J. and Ogul, H. and Onel, Y. and Ozok, F. and Penzo, A. and Snyder, C. and Tiras, E. and Wetzel, J. and Blumenfeld, B. and Cocoros, A. and Eminizer, N. and Fehling, D. and Feng, L. and Gritsan, A. V. and Hung, W. T. and Maksimovic, P. and Roskes, J. and Sarica, U. and Swartz, M. and Xiao, M. and Al-bataineh, A. and Baringer, P. and Bean, A. and Boren, S. and Bowen, J. and Bylinkin, A. and Castle, J. and Khalil, S. and Kropivnitskaya, A. and Majumder, D. and Mcbrayer, W. and Murray, M. and Rogan, C. and Sanders, S. and Schmitz, E. and Takaki, J. D.Tapia and Wang, Q. and Duric, S. and Ivanov, A. and Kaadze, K. and Kim, D. and Maravin, Y. and Mendis, D. R. and Mitchell, T. and Modak, A. and Mohammadi, A. and Rebassoo, F. and Wright, D. and Baden, A. and Baron, O. and Belloni, A. and Eno, S. C. and Feng, Y. and Ferraioli, C. and Hadley, N. J. and Jabeen, S. and Jeng, G. Y. and Kellogg, R. G. and Kunkle, J. and Mignerey, A. C. and Nabili, S. and Ricci-Tam, F. and Seidel, M. and Shin, Y. H. and Skuja, A. and Tonwar, S. C. and Wong, K. and Abercrombie, D. and Allen, B. and Azzolini, V. and Baty, A. and Bauer, G. and Bi, R. and Brandt, S. and Busza, W. and Cali, I. A. and D’Alfonso, M. and Demiragli, Z. and Ceballos, G. Gomez and Goncharov, M. and Harris, P. and Hsu, D. and Hu, M. and Iiyama, Y. and Innocenti, G. M. and Klute, M. and Kovalskyi, D. and Lee, Y. J. and Luckey, P. D. and Maier, B. and Marini, A. C. and Mcginn, C. and Mironov, C. and Narayanan, S. and Niu, X. and Paus, C. and Roland, C. and Roland, G. and Shi, Z. and Stephans, G. S.F. and Sumorok, K. and Tatar, K. and Velicanu, D. and Wang, J. and Wang, T. W. and Wyslouch, B. and Benvenuti, A. C. and Chatterjee, R. M. and Evans, A. and Hansen, P. and Hiltbrand, J. and Jain, Sh and Kalafut, S. and Krohn, M. and Kubota, Y. and Lesko, Z. and Mans, J. and Ruckstuhl, N. and Rusack, R. and Wadud, M. A. and Acosta, J. G. and Oliveros, S. and Avdeeva, E. and Bloom, K. and Claes, D. R. and Fangmeier, C. and Golf, F. and Suarez, R. Gonzalez and Kamalieddin, R. and Kravchenko, I. and Monroy, J. and Siado, J. E. and Snow, G. R. and Stieger, B. and Godshalk, A. and Harrington, C. and Iashvili, I. and Kharchilava, A. and Mclean, C. and Nguyen, D. and Parker, A. and Rappoccio, S. and Roozbahani, B. and Alverson, G. and Barberis, E. and Freer, C. and Haddad, Y. and Hortiangtham, A. and Madigan, G. and Morse, D. M. and Orimoto, T. and Tishelman-charny, A. and Wamorkar, T. and Wang, B. and Wisecarver, A. and Wood, D. and Bhattacharya, S. and Bueghly, J. and Charaf, O. and Gunter, T. and Hahn, K. A. and Odell, N. and Schmitt, M. H. and Sung, K. and Trovato, M. and Velasco, M. and Bucci, R. and Dev, N. and Hildreth, M. and Anampa, K. Hurtado and Jessop, C. and Karmgard, D. J. and Lannon, K. and Li, W. and Loukas, N. and Marinelli, N. and Meng, F. and Mueller, C. and Musienko, Y. and Planer, M. and Ruchti, R. and Siddireddy, P. and Smith, G. and Taroni, S. and Wayne, M. and Wightman, A. and Wolf, M. and Woodard, A. and Alimena, J. and Antonelli, L. and Bylsma, B. and Durkin, L. S. and Flowers, S. and Francis, B. and Hill, C. and Ji, W. and Ling, T. Y. and Luo, W. and Winer, B. L. and Cooperstein, S. and Elmer, P. and Hardenbrook, J. and Haubrich, N. and Higginbotham, S. and Kalogeropoulos, A. and Kwan, S. and Lange, D. and Lucchini, M. T. and Luo, J. and Marlow, D. and Mei, K. and Ojalvo, I. and Olsen, J. and Palmer, C. and Pirou{\'{e}}, P. and Salfeld-Nebgen, J. and Stickland, D. and Tully, C. and Malik, S. and Norberg, S. and Barker, A. and Barnes, V. E. and Das, S. and Gutay, L. and Jones, M. and Jung, A. W. and Khatiwada, A. and Mahakud, B. and Miller, D. H. and Neumeister, N. and Peng, C. C. and Piperov, S. and Qiu, H. and Schulte, J. F. and Sun, J. and Wang, F. and Xiao, R. and Xie, W. and Cheng, T. and Dolen, J. and Parashar, N. and Chen, Z. and Ecklund, K. M. and Freed, S. and Geurts, F. J.M. and Kilpatrick, M. and Kumar, Arun and Li, W. and Padley, B. P. and Redjimi, R. and Roberts, J. and Rorie, J. and Shi, W. and Tu, Z. and Zhang, A. and Bodek, A. and de Barbaro, P. and Demina, R. and Duh, Yt and Dulemba, J. L. and Fallon, C. and Ferbel, T. and Galanti, M. and Garcia-Bellido, A. and Han, J. and Hindrichs, O. and Khukhunaishvili, A. and Ranken, E. and Tan, P. and Taus, R. and Chiarito, B. and Chou, J. P. and Gershtein, Y. and Halkiadakis, E. and Hart, A. and Heindl, M. and Hughes, E. and Kaplan, S. and Elayavalli, R. Kunnawalkam and Kyriacou, S. and Laflotte, I. and Lath, A. and Montalvo, R. and Nash, K. and Osherson, M. and Saka, H. and Salur, S. and Schnetzer, S. and Sheffield, D. and Somalwar, S. and Stone, R. and Thomas, S. and Thomassen, P. and Delannoy, A. G. and Heideman, J. and Riley, G. and Spanier, S. and Bouhali, O. and Celik, A. and Dalchenko, M. and De Mattia, M. and Delgado, A. and Dildick, S. and Eusebi, R. and Gilmore, J. and Huang, T. and Kamon, T. and Luo, S. and Marley, D. and Mueller, R. and Overton, D. and Perni{\`{e}}, L. and Rathjens, D. and Safonov, A. and Akchurin, N. and Damgov, J. and De Guio, F. and Dudero, P. R. and Kunori, S. and Lamichhane, K. and Lee, S. W. and Mengke, T. and Muthumuni, S. and Peltola, T. and Undleeb, S. and Volobouev, I. and Wang, Z. and Greene, S. and Gurrola, A. and Janjam, R. and Johns, W. and Maguire, C. and Melo, A. and Ni, H. and Padeken, K. and Romeo, F. and Alvarez, J. D.Ruiz and Sheldon, P. and Tuo, S. and Velkovska, J. and Verweij, M. and Xu, Q. and Arenton, M. W. and Barria, P. and Cox, B. and Hirosky, R. and Joyce, M. and Ledovskoy, A. and Li, H. and Neu, C. and Sinthuprasith, T. and Wang, Y. and Wolfe, E. and Xia, F. and Harr, R. and Karchin, P. E. and Poudyal, N. and Sturdy, J. and Thapa, P. and Zaleski, S. and Buchanan, J. and Caillol, C. and Carlsmith, D. and Dasu, S. and De Bruyn, I. and Dodd, L. and Gomber, B. and Grothe, M. and Herndon, M. and Herv{\'{e}}, A. and Hussain, U. and Klabbers, P. and Lanaro, A. and Long, K. and Loveless, R. and Ruggles, T. and Savin, A. and Sharma, V. and Smith, N. and Smith, W. H. and Woods, N.},
    number = {1},
    month = {1},
    pages = {1--47},
    volume = {80},
    publisher = {Springer},
    url = {https://link.springer.com/article/10.1140/epjc/s10052-019-7499-4},
    doi = {10.1140/EPJC/S10052-019-7499-4},
    issn = {1434-6052},
    arxivId = {1903.12179},
    keywords = {Astronomy, Astrophysics and Cosmology, Elementary Particles, Hadrons, Heavy Ions, Measurement Science and Instrumentation, Nuclear Energy, Nuclear Physics, Quantum Field Theories, Quantum Field Theory, String Theory}
}

@misc{2021Jet13TeV,
    title = {{Jet energy scale and resolution measurement with Run{\~{}}2 Legacy Data Collected by CMS at 13{\~{}}TeV}},
    year = {2021},
    month = {9},
    url = {https://cds.cern.ch/record/2792322},
    keywords = {Physics}
}

@misc{2018MuonData,
    title = {{Muon identification and isolation efficiencies with 2017 and 2018 data}},
    year = {2018},
    month = {7},
    url = {https://cds.cern.ch/record/2629364},
    keywords = {Muons, Physics Reconstruction {\&} Selection}
}

@misc{2018MuonDatab,
    title = {{Muon identification and isolation efficiencies with 2017 and 2018 data}},
    year = {2018},
    month = {7},
    url = {https://cds.cern.ch/record/2629364},
    keywords = {Muons, Physics Reconstruction {\&} Selection}
}

@article{CMSCollaboration2020PileupData,
    title = {{Pileup mitigation at CMS in 13 TeV data}},
    year = {2020},
    journal = {Journal of Instrumentation},
    author = {{CMS Collaboration}},
    number = {9},
    month = {3},
    volume = {15},
    publisher = {IOP Publishing Ltd},
    url = {http://arxiv.org/abs/2003.00503 http://dx.doi.org/10.1088/1748-0221/15/09/P09018},
    doi = {10.1088/1748-0221/15/09/P09018},
    arxivId = {2003.00503v2},
    keywords = {Calorimeter methods, Calorimeters, Large detector-systems performance}
}

@article{Liu2020TheCMS,
    title = {{The NanoAOD event data format in CMS}},
    year = {2020},
    journal = {Journal of Physics: Conference Series},
    author = {Liu, Yikun and Liu, Junfeng and Tao, Shu and Peruzzi, Marco and Petrucciani, Giovanni and Rizzi, Andrea},
    number = {1},
    month = {4},
    pages = {012038},
    volume = {1525},
    publisher = {IOP Publishing},
    url = {https://iopscience.iop.org/article/10.1088/1742-6596/1525/1/012038 https://iopscience.iop.org/article/10.1088/1742-6596/1525/1/012038/meta},
    doi = {10.1088/1742-6596/1525/1/012038},
    issn = {1742-6596}
}