@article{Alioli2010ABOX,
  author    = {Alioli, Simone and Nason, Paolo and Oleari, Carlo and Re, Emanuele},
  title     = {{A general framework for implementing NLO calculations
                in shower Monte Carlo programs: the POWHEG BOX}},
  issn      = {10298479},
  arxivid   = {1002.2581},
  keywords  = {Hadronic colliders, NLO computations, QCD},
  journal   = {JHEP},
  volume    = {06},
  number    = {6},
  year      = {2010},
  pages     = {043},
  doi       = {10.1007/JHEP06(2010)043},
  publisher = {Springer Verlag}
}

@article{Ai2021AFitting,
  author    = {Ai, Xiaocong and Mania, Georgiana and Gray, Heather M. and Kuhn, Michael and Styles, Nicholas},
  title     = {{A GPU-Based Kalman Filter for Track Fitting}},
  month     = {12},
  issn      = {25102044},
  arxivid   = {2105.01796},
  keywords  = {CUDA, GPU, OpenMP, Parallelization, Particle tracking, Track fitting},
  journal   = {Computing and Software for Big Science},
  volume    = {5},
  number    = {1},
  year      = {2021},
  pages     = {1--16},
  doi       = {10.1007/S41781-021-00065-Z/FIGURES/17},
  publisher = {Springer Nature},
  url       = {https://link.springer.com/article/10.1007/s41781-021-00065-z}
}

@article{OShea2015AnNetworks,
  author    = {O'Shea, Keiron and Nash, Ryan},
  title     = {{An Introduction to Convolutional Neural Networks}},
  month     = {11},
  arxivid   = {1511.08458},
  journal   = {International Journal for Research in Applied Science and Engineering Technology},
  volume    = {10},
  number    = {12},
  year      = {2015},
  pages     = {943--947},
  doi       = {10.22214/ijraset.2022.47789},
  publisher = {International Journal for Research in Applied Science and Engineering Technology (IJRASET)},
  url       = {https://arxiv.org/abs/1511.08458v2}
}

@article{Fruhwirth1987ApplicationFitting,
  author  = {Fr{\"{u}}hwirth, R.},
  title   = {{Application of Kalman filtering to track and vertex fitting}},
  month   = {12},
  issn    = {01689002},
  journal = {Nucl.Instrum.Meth.A},
  volume  = {262},
  number  = {2-3},
  year    = {1987},
  pages   = {444--450},
  doi     = {10.1016/0168-9002(87)90887-4}
}

@article{Chatrchyan2014DescriptionTracker,
  author    = {Chatrchyan, S. and Khachatryan, V. and Sirunyan, A. M. and Tumasyan, A. and Adam, W. and Bergauer,
               T. and Dragicevic, M. and Er{\"{o}}, J. and Fabjan, C. and Friedl, M. and Fr{\"{u}}hwirth, R. and
               Ghete, V. M. and Hartl, C. and H{\"{o}}rmann, N. and Hrubec, J. and Jeitler, M. and Kiesenhofer, W.
               and Kn{\"{u}}nz, V. and Krammer, M. and Kr{\"{a}}tschmer, I. and Liko, D. and Mikulec, I. and
               Rabady, D. and Rahbaran, B. and Rohringer, H. and Sch{\"{o}}fbeck, R. and Strauss, J. and Taurok, A.
               and Treberer-Treberspurg, W. and Waltenberger, W. and Wulz, C. E. and Mossolov, V. and Shumeiko, N.
               and Suarez Gonzalez, J. and Alderweireldt, S. and Bansal, M. and Bansal, S. and Beaumont, W. and
               Cornelis, T. and De Wolf, E. A. and Janssen, X. and Knutsson, A. and Luyckx, S. and Mucibello, L.
               and Ochesanu, S. and Roland, B. and Rougny, R. and Van Haevermaet, H. and Van Mechelen, P. and Van
               Remortel, N. and Van Spilbeeck, A. and Blekman, F. and Blyweert, S. and D'Hondt, J. and Devroede, O.
               and Heracleous, N. and Kalogeropoulos, A. and Keaveney, J. and Kim, T. J. and Lowette, S. and Maes,
               M. and Olbrechts, A. and Python, Q. and Strom, D. and Tavernier, S. and Van Doninck, W. and Van
               Lancker, L. and Van Mulders, P. and Van Onsem, G. P. and Villella, I. and Caillol, C. and Clerbaux,
               B. and De Lentdecker, G. and Favart, L. and Gay, A. P.R. and L{\'{e}}onard, A. and Marage, P. E. and
               Mohammadi, A. and Perni{\`{e}}, L. and Reis, T. and Seva, T. and Thomas, L. and Vander Velde, C. and
               Vanlaer, P. and Wang, J. and Adler, V. and Beernaert, K. and Benucci, L. and Cimmino, A. and
               Costantini, S. and Crucy, S. and Dildick, S. and Garcia, G. and Klein, B. and Lellouch, J. and
               Mccartin, J. and Ocampo Rios, A. A. and Ryckbosch, D. and Salva Diblen, S. and Sigamani, M. and
               Strobbe, N. and Thyssen, F. and Tytgat, M. and Walsh, S. and Yazgan, E. and Zaganidis, N. and
               Basegmez, S. and Beluffi, C. and Bruno, G. and Castello, R. and Caudron, A. and Ceard, L. and Da
               Silveira, G. G. and De Callatay, B. and Delaere, C. and du Pree, T. and Favart, D. and Forthomme, L.
               and Giammanco, A. and Hollar, J. and Jez, P. and Komm, M. and Lemaitre, V. and Liao, J. and
               Michotte, D. and Militaru, O. and Nuttens, C. and Pagano, D. and Pin, A. and Piotrzkowski, K. and
               Popov, A. and Quertenmont, L. and Selvaggi, M. and Vidal Marono, M. and Vizan Garcia, J. M. and
               Beliy, N. and Caebergs, T. and Daubie, E. and Hammad, G. H. and Alves, G. A. and Correa Martins
               Junior, M. and Dos Reis Martins, T. and Pol, M. E. and Souza, M. H.G. and Ald{\'{a}} J{\'{u}}nior,
               W. L. and Carvalho, W. and Chinellato, J. and Cust{\'{o}}dio, A. and Da Costa, E. M. and De Jesus
               Damiao, D. and De Oliveira Martins, C. and Fonseca De Souza, S. and Malbouisson, H. and Malek, M.
               and Matos Figueiredo, D. and Mundim, L. and Nogima, H. and Prado Da Silva, W. L. and Santaolalla, J.
               and Santoro, A. and Sznajder, A. and Tonelli Manganote, E. J. and Vilela Pereira, A. and Bernardes,
               C. A. and Dias, F. A. and Fernandez Perez Tomei, T. R. and Gregores, E. M. and Mercadante, P. G. and
               Novaes, S. F. and Padula, Sandra S. and Genchev, V. and Iaydjiev, P. and Marinov, A. and Piperov, S.
               and Rodozov, M. and Sultanov, G. and Vutova, M. and Dimitrov, A. and Glushkov, I. and Hadjiiska, R.
               and Kozhuharov, V. and Litov, L. and Pavlov, B. and Petkov, P. and Bian, J. G. and Chen, G. M. and
               Chen, H. S. and Chen, M. and Du, R. and Jiang, C. H. and Liang, D. and Liang, S. and Meng, X. and
               Plestina, R. and Tao, J. and Wang, X. and Wang, Z. and Asawatangtrakuldee, C. and Ban, Y. and Guo,
               Y. and Li, Q. and Li, W. and Liu, S. and Mao, Y. and Qian, S. J. and Wang, D. and Zhang, L. and Zou,
               W. and Avila, C. and Carrillo Montoya, C. A. and Chaparro Sierra, L. F. and Florez, C. and Gomez, J.
               P. and Gomez Moreno, B. and Sanabria, J. C. and Godinovic, N. and Lelas, D. and Polic, D. and
               Puljak, I. and Antunovic, Z. and Kovac, M. and Brigljevic, V. and Kadija, K. and Luetic, J. and
               Mekterovic, D. and Morovic, S. and Sudic, L. and Attikis, A. and Mavromanolakis, G. and Mousa, J.
               and Nicolaou, C. and Ptochos, F. and Razis, P. A. and Finger, M. and Finger, M. and Abdelalim, A. A.
               and Assran, Y. and Elgammal, S. and Ellithi Kamel, A. and Mahmoud, M. A. and Radi, A. and Kadastik,
               M. and M{\"{u}}ntel, M. and Murumaa, M. and Raidal, M. and Rebane, L. and Tiko, A. and Eerola, P.
               and Fedi, G. and Voutilainen, M. and H{\"{a}}rk{\"{o}}nen, J. and Karim{\"{a}}ki, V. and Kinnunen,
               R. and Kortelainen, M. J. and Lamp{\'{e}}n, T. and Lassila-Perini, K. and Lehti, S. and
               Lind{\'{e}}n, T. and Luukka, P. and M{\"{a}}enp{\"{a}}{\"{a}}, T. and Peltola, T. and Tuominen, E.
               and Tuominiemi, J. and Tuovinen, E. and Wendland, L. and Tuuva, T. and Besancon, M. and Couderc, F.
               and Dejardin, M. and Denegri, D. and Fabbro, B. and Faure, J. L. and Ferri, F. and Ganjour, S. and
               Givernaud, A. and Gras, P. and Hamel de Monchenault, G. and Jarry, P. and Locci, E. and Malcles, J.
               and Nayak, A. and Rander, J. and Rosowsky, A. and Titov, M. and Baffioni, S. and Beaudette, F. and
               Busson, P. and Charlot, C. and Daci, N. and Dahms, T. and Dalchenko, M. and Dobrzynski, L. and
               Florent, A. and Granier de Cassagnac, R. and Min{\'{e}}, P. and Mironov, C. and Naranjo, I. N. and
               Nguyen, M. and Ochando, C. and Paganini, P. and Sabes, D. and Salerno, R. and Sauvan, J. B. and
               Sirois, Y. and Veelken, C. and Yilmaz, Y. and Zabi, A. and Agram, J. L. and Andrea, J. and Bloch, D.
               and Bonnin, C. and Brom, J. M. and Chabert, E. C. and Charles, L. and Collard, C. and Conte, E. and
               Drouhin, F. and Fontaine, J. C. and Gel{\'{e}}, D. and Goerlach, U. and Goetzmann, C. and Gross, L.
               and Juillot, P. and Le Bihan, A. C. and Van Hove, P. and Gadrat, S. and Baulieu, G. and Beauceron,
               S. and Beaupere, N. and Boudoul, G. and Brochet, S. and Chasserat, J. and Chierici, R. and Contardo,
               D. and Depasse, P. and El Mamouni, H. and Fan, J. and Fay, J. and Gascon, S. and Gouzevitch, M. and
               Ille, B. and Kurca, T. and Lethuillier, M. and Lumb, N. and Mathez, H. and Mirabito, L. and Perries,
               S. and Ruiz Alvarez, J. D. and Sgandurra, L. and Sordini, V. and Vander Donckt, M. and Verdier, P.
               and Viret, S. and Xiao, H. and Zoccarato, Y. and Tsamalaidze, Z. and Autermann, C. and Beranek, S.
               and Bontenackels, M. and Calpas, B. and Edelhoff, M. and Esser, H. and Feld, L. and Hindrichs, O.
               and Karpinski, W. and Klein, K. and Kukulies, C. and Lipinski, M. and Ostapchuk, A. and Perieanu, A.
               and Pierschel, G. and Preuten, M. and Raupach, F. and Sammet, J. and Schael, S. and Schulte, J. F.
               and Schwering, G. and Sprenger, D. and Verlage, T. and Weber, H. and Wittmer, B. and Wlochal, M. and
               Zhukov, V. and Ata, M. and Caudron, J. and Dietz-Laursonn, E. and Duchardt, D. and Erdmann, M. and
               Fischer, R. and G{\"{u}}th, A. and Hebbeker, T. and Heidemann, C. and Hoepfner, K. and Klingebiel,
               D. and Knutzen, S. and Kreuzer, P. and Merschmeyer, M. and Meyer, A. and Olschewski, M. and Padeken,
               K. and Papacz, P. and Reithler, H. and Schmitz, S. A. and Sonnenschein, L. and Teyssier, D. and
               Th{\"{u}}er, S. and Weber, M. and Cherepanov, V. and Erdogan, Y. and Fl{\"{u}}gge, G. and Geenen, H.
               and Geisler, M. and Haj Ahmad, W. and Hoehle, F. and Kargoll, B. and Kress, T. and Kuessel, Y. and
               Lingemann, J. and Nowack, A. and Nugent, I. M. and Perchalla, L. and Pistone, C. and Pooth, O. and
               Stahl, A. and Asin, I. and Bartosik, N. and Behr, J. and Behrenhoff, W. and Behrens, U. and Bell, A.
               J. and Bergholz, M. and Bethani, A. and Borras, K. and Burgmeier, A. and Cakir, A. and Calligaris,
               L. and Campbell, A. and Choudhury, S. and Costanza, F. and Diez Pardos, C. and Dolinska, G. and
               Dooling, S. and Dorland, T. and Eckerlin, G. and Eckstein, D. and Eichhorn, T. and Flucke, G. and
               Geiser, A. and Grebenyuk, A. and Gunnellini, P. and Habib, S. and Hampe, J. and Hansen, K. and Hauk,
               J. and Hellwig, G. and Hempel, M. and Horton, D. and Jung, H. and Kasemann, M. and Katsas, P. and
               Kieseler, J. and Kleinwort, C. and Korol, I. and Kr{\"{a}}mer, M. and Kr{\"{u}}cker, D. and Lange,
               W. and Leonard, J. and Lipka, K. and Lohmann, W. and Lutz, B. and Mankel, R. and Marfin, I. and
               Maser, H. and Melzer-Pellmann, I. A. and Meyer, A. B. and Mnich, J. and Muhl, C. and Mussgiller, A.
               and Naumann-Emme, S. and Novgorodova, O. and Nowak, F. and Ntomari, E. and Perrey, H. and Petrukhin,
               A. and Pitzl, D. and Placakyte, R. and Raspereza, A. and Ribeiro Cipriano, P. M. and Riedl, C. and
               Ron, E. and Sahin, M. and Salfeld-Nebgen, J. and Saxena, P. and Schmidt, R. and Schoerner-Sadenius,
               T. and Schr{\"{o}}der, M. and Spannagel, S. and Stein, M. and Vargas Trevino, A. D.R. and Walsh, R.
               and Wissing, C. and Zuber, A. and Aldaya Martin, M. and Berger, L. O. and Biskop, H. and Blobel, V.
               and Buhmann, P. and Centis Vignali, M. and Enderle, H. and Erfle, J. and Frensche, B. and Garutti,
               E. and Goebel, K. and G{\"{o}}rner, M. and Gosselink, M. and Haller, J. and Hoffmann, M. and
               H{\"{o}}ing, R. S. and Junkes, A. and Kirschenmann, H. and Klanner, R. and Kogler, R. and Lange, J.
               and Lapsien, T. and Lenz, T. and Maettig, S. and Marchesini, I. and Matysek, M. and Ott, J. and
               Peiffer, T. and Pietsch, N. and P{\"{o}}hlsen, T. and Rathjens, D. and Sander, C. and Schettler, H.
               and Schleper, P. and Schlieckau, E. and Schmidt, A. and Seidel, M. and Sibille, J. and Sola, V. and
               Stadie, H. and Steinbr{\"{u}}ck, G. and Troendle, D. and Usai, E. and Vanelderen, L. and Barth, C.
               and Barvich, T. and Baus, C. and Berger, J. and Boegelspacher, F. and B{\"{o}}ser, C. and Butz, E.
               and Chwalek, T. and Colombo, F. and De Boer, W. and Descroix, A. and Dierlamm, A. and Eber, R. and
               Feindt, M. and Guthoff, M. and Hartmann, F. and Hauth, T. and Heindl, S. M. and Held, H. and
               Hoffmann, K. H. and Husemann, U. and Katkov, I. and Kornmayer, A. and Kuznetsova, E. and Lobelle
               Pardo, P. and Martschei, D. and Mozer, M. U. and M{\"{u}}ller, Th and Niegel, M. and N{\"{u}}rnberg,
               A. and Oberst, O. and Printz, M. and Quast, G. and Rabbertz, K. and Ratnikov, F. and R{\"{o}}cker,
               S. and Schilling, F. P. and Schott, G. and Simonis, H. J. and Steck, P. and Stober, F. M. and
               Ulrich, R. and Wagner-Kuhr, J. and Wayand, S. and Weiler, T. and Wolf, R. and Zeise, M. and
               Anagnostou, G. and Daskalakis, G. and Geralis, T. and Kesisoglou, S. and Kyriakis, A. and Loukas, D.
               and Markou, A. and Markou, C. and Psallidas, A. and Topsis-Giotis, I. and Gouskos, L. and
               Panagiotou, A. and Saoulidou, N. and Stiliaris, E. and Aslanoglou, X. and Evangelou, I. and Flouris,
               G. and Foudas, C. and Jones, J. and Kokkas, P. and Manthos, N. and Papadopoulos, I. and Paradas, E.
               and Bencze, G. and Hajdu, C. and Hidas, P. and Horvath, D. and Sikler, F. and Veszpremi, V. and
               Vesztergombi, G. and Zsigmond, A. J. and Beni, N. and Czellar, S. and Molnar, J. and Palinkas, J.
               and Szillasi, Z. and Karancsi, J. and Raics, P. and Trocsanyi, Z. L. and Ujvari, B. and Swain, S. K.
               and Beri, S. B. and Bhatnagar, V. and Dhingra, N. and Gupta, R. and Kaur, M. and Mehta, M. Z. and
               Mittal, M. and Nishu, N. and Sharma, A. and Singh, J. B. and Kumar, Ashok and Kumar, Arun and Ahuja,
               S. and Bhardwaj, A. and Choudhary, B. C. and Kumar, A. and Malhotra, S. and Naimuddin, M. and
               Ranjan, K. and Sharma, V. and Shivpuri, R. K. and Banerjee, S. and Bhattacharya, S. and Chatterjee,
               K. and Dutta, S. and Gomber, B. and Jain, Sa and Jain, Sh and Khurana, R. and Modak, A. and
               Mukherjee, S. and Roy, D. and Sarkar, S. and Sharan, M. and Singh, A. P. and Abdulsalam, A. and
               Dutta, D. and Kailas, S. and Kumar, V. and Mohanty, A. K. and Pant, L. M. and Shukla, P. and Topkar,
               A. and Aziz, T. and Banerjee, S. and Chatterjee, R. M. and Dugad, S. and Ganguly, S. and Ghosh, S.
               and Guchait, M. and Gurtu, A. and Kole, G. and Kumar, S. and Maity, M. and Majumder, G. and
               Mazumdar, K. and Mohanty, G. B. and Parida, B. and Sudhakar, K. and Wickramage, N. and Arfaei, H.
               and Bakhshiansohi, H. and Behnamian, H. and Etesami, S. M. and Fahim, A. and Jafari, A. and Khakzad,
               M. and Mohammadi Najafabadi, M. and Naseri, M. and Paktinat Mehdiabadi, S. and Safarzadeh, B. and
               Zeinali, M. and Grunewald, M. and Abbrescia, M. and Barbone, L. and Calabria, C. and Cariola, P. and
               Chhibra, S. S. and Colaleo, A. and Creanza, D. and De Filippis, N. and De Palma, M. and De Robertis,
               G. and Fiore, L. and Franco, M. and Iaselli, G. and Loddo, F. and Maggi, G. and Maggi, M. and
               Marangelli, B. and My, S. and Nuzzo, S. and Pacifico, N. and Pompili, A. and Pugliese, G. and
               Radogna, R. and Sala, G. and Selvaggi, G. and Silvestris, L. and Singh, G. and Venditti, R. and
               Verwilligen, P. and Zito, G. and Abbiendi, G. and Benvenuti, A. C. and Bonacorsi, D. and
               Braibant-Giacomelli, S. and Brigliadori, L. and Campanini, R. and Capiluppi, P. and Castro, A. and
               Cavallo, F. R. and Codispoti, G. and Cuffiani, M. and Dallavalle, G. M. and Fabbri, F. and Fanfani,
               A. and Fasanella, D. and Giacomelli, P. and Grandi, C. and Guiducci, L. and Marcellini, S. and
               Masetti, G. and Meneghelli, M. and Montanari, A. and Navarria, F. L. and Odorici, F. and Perrotta,
               A. and Primavera, F. and Rossi, A. M. and Rovelli, T. and Siroli, G. P. and Tosi, N. and Travaglini,
               R. and Albergo, S. and Cappello, G. and Chiorboli, M. and Costa, S. and Giordano, F. and Potenza, R.
               and Saizu, M. A. and Scinta, M. and Tricomi, A. and Tuve, C. and Barbagli, G. and Brianzi, M. and
               Ciaranfi, R. and Ciulli, V. and Civinini, C. and D'Alessandro, R. and Focardi, E. and Gallo, E. and
               Gonzi, S. and Gori, V. and Lenzi, P. and Meschini, M. and Paoletti, S. and Scarlini, E. and
               Sguazzoni, G. and Tropiano, A. and Benussi, L. and Bianco, S. and Fabbri, F. and Piccolo, D. and
               Fabbricatore, P. and Ferretti, R. and Ferro, F. and Lo Vetere, M. and Musenich, R. and Robutti, E.
               and Tosi, S. and D'Angelo, P. and Dinardo, M. E. and Fiorendi, S. and Gennai, S. and Gerosa, R. and
               Ghezzi, A. and Govoni, P. and Lucchini, M. T. and Malvezzi, S. and Manzoni, R. A. and Martelli, A.
               and Marzocchi, B. and Menasce, D. and Moroni, L. and Paganoni, M. and Pedrini, D. and Ragazzi, S.
               and Redaelli, N. and Tabarelli de Fatis, T. and Buontempo, S. and Cavallo, N. and Di Guida, S. and
               Fabozzi, F. and Iorio, A. O.M. and Lista, L. and Meola, S. and Merola, M. and Paolucci, P. and Azzi,
               P. and Bacchetta, N. and Bellato, M. and Bisello, D. and Branca, A. and Carlin, R. and Checchia, P.
               and Dall'Osso, M. and Dorigo, T. and Galanti, M. and Gasparini, F. and Gasparini, U. and Giubilato,
               P. and Gozzelino, A. and Kanishchev, K. and Lacaprara, S. and Lazzizzera, I. and Margoni, M. and
               Meneguzzo, A. T. and Passaseo, M. and Pazzini, J. and Pegoraro, M. and Pozzobon, N. and Ronchese, P.
               and Simonetto, F. and Torassa, E. and Tosi, M. and Zotto, P. and Zucchetta, A. and Zumerle, G. and
               Gabusi, M. and Gaioni, L. and Manazza, A. and Manghisoni, M. and Ratti, L. and Ratti, S. P. and Re,
               V. and Riccardi, C. and Salvini, P. and Traversi, G. and Vitulo, P. and Zucca, S. and Biasini, M.
               and Bilei, G. M. and Bissi, L. and Checcucci, B. and Ciangottini, D. and Conti, E. and Fan{\`{o}},
               L. and Lariccia, P. and Magalotti, D. and Mantovani, G. and Menichelli, M. and Passeri, D. and
               Placidi, P. and Romeo, F. and Saha, A. and Salvatore, M. and Santocchia, A. and Servoli, L. and
               Spiezia, A. and Androsov, K. and Arezzini, S. and Azzurri, P. and Bagliesi, G. and Basti, A. and
               Bernardini, J. and Boccali, T. and Bosi, F. and Broccolo, G. and Calzolari, F. and Castaldi, R. and
               Ciampa, A. and Ciocci, M. A. and Dell'Orso, R. and Donato, S. and Fiori, F. and Fo{\`{a}}, L. and
               Giassi, A. and Grippo, M. T. and Kraan, A. and Ligabue, F. and Lomtadze, T. and Magazzu, G. and
               Martini, L. and Mazzoni, E. and Messineo, A. and Moggi, A. and Moon, C. S. and Palla, F. and
               Raffaelli, F. and Rizzi, A. and Savoy-Navarro, A. and Serban, A. T. and Spagnolo, P. and
               Squillacioti, P. and Tenchini, R. and Tonelli, G. and Venturi, A. and Verdini, P. G. and Vernieri,
               C. and Barone, L. and Cavallari, F. and Del Re, D. and Diemoz, M. and Grassi, M. and Jorda, C. and
               Longo, E. and Margaroli, F. and Meridiani, P. and Micheli, F. and Nourbakhsh, S. and Organtini, G.
               and Paramatti, R. and Rahatlou, S. and Rovelli, C. and Soffi, L. and Traczyk, P. and Amapane, N. and
               Arcidiacono, R. and Argiro, S. and Arneodo, M. and Bellan, R. and Biino, C. and Cartiglia, N. and
               Casasso, S. and Costa, M. and Degano, A. and Demaria, N. and Mariotti, C. and Maselli, S. and
               Migliore, E. and Monaco, V. and Monteil, E. and Musich, M. and Obertino, M. M. and Ortona, G. and
               Pacher, L. and Pastrone, N. and Pelliccioni, M. and Potenza, A. and Rivetti, A. and Romero, A. and
               Ruspa, M. and Sacchi, R. and Solano, A. and Staiano, A. and Tamponi, U. and Trapani, P. P. and
               Belforte, S. and Candelise, V. and Casarsa, M. and Cossutti, F. and Della Ricca, G. and Gobbo, B.
               and La Licata, C. and Marone, M. and Montanino, D. and Penzo, A. and Schizzi, A. and Umer, T. and
               Zanetti, A. and Chang, S. and Kim, T. Y. and Nam, S. K. and Kim, D. H. and Kim, G. N. and Kim, J. E.
               and Kim, M. S. and Kong, D. J. and Lee, S. and Oh, Y. D. and Park, H. and Son, D. C. and Kim, J. Y.
               and Kim, Zero J. and Song, S. and Choi, S. and Gyun, D. and Hong, B. and Jo, M. and Kim, H. and Kim,
               Y. and Lee, K. S. and Park, S. K. and Roh, Y. and Choi, M. and Kim, J. H. and Park, C. and Park, I.
               C. and Park, S. and Ryu, G. and Choi, Y. and Choi, Y. K. and Goh, J. and Kwon, E. and Lee, B. and
               Lee, J. and Seo, H. and Yu, I. and Juodagalvis, A. and Komaragiri, J. R. and Castilla-Valdez, H. and
               De La Cruz-Burelo, E. and Heredia-de La Cruz, I. and Lopez-Fernandez, R. and Mart{\'{i}}nez-Ortega,
               J. and Sanchez-Hernandez, A. and Villasenor-Cendejas, L. M. and Carrillo Moreno, S. and Vazquez
               Valencia, F. and Salazar Ibarguen, H. A. and Casimiro Linares, E. and Morelos Pineda, A. and
               Krofcheck, D. and Butler, P. H. and Doesburg, R. and Reucroft, S. and Ahmad, A. and Ahmad, M. and
               Asghar, M. I. and Butt, J. and Hassan, Q. and Hoorani, H. R. and Khan, W. A. and Khurshid, T. and
               Qazi, S. and Shah, M. A. and Shoaib, M. and Bialkowska, H. and Bluj, M. and Boimska, B. and
               Frueboes, T. and G{\'{o}}rski, M. and Kazana, M. and Nawrocki, K. and Romanowska-Rybinska, K. and
               Szleper, M. and Wrochna, G. and Zalewski, P. and Brona, G. and Bunkowski, K. and Cwiok, M. and
               Dominik, W. and Doroba, K. and Kalinowski, A. and Konecki, M. and Krolikowski, J. and Misiura, M.
               and Wolszczak, W. and Bargassa, P. and Beir{\~{a}}o Da Cruz E Silva, C. and Faccioli, P. and
               Ferreira Parracho, P. G. and Gallinaro, M. and Nguyen, F. and Rodrigues Antunes, J. and Seixas, J.
               and Varela, J. and Vischia, P. and Bunin, P. and Gavrilenko, M. and Golutvin, I. and Gorbunov, I.
               and Kamenev, A. and Karjavin, V. and Konoplyanikov, V. and Kozlov, G. and Lanev, A. and Malakhov, A.
               and Matveev, V. and Moisenz, P. and Palichik, V. and Perelygin, V. and Shmatov, S. and Skatchkov, N.
               and Smirnov, V. and Zarubin, A. and Golovtsov, V. and Ivanov, Y. and Kim, V. and Levchenko, P. and
               Murzin, V. and Oreshkin, V. and Smirnov, I. and Sulimov, V. and Uvarov, L. and Vavilov, S. and
               Vorobyev, A. and Vorobyev, An and Andreev, Yu and Dermenev, A. and Gninenko, S. and Golubev, N. and
               Kirsanov, M. and Krasnikov, N. and Pashenkov, A. and Tlisov, D. and Toropin, A. and Epshteyn, V. and
               Gavrilov, V. and Lychkovskaya, N. and Popov, V. and Safronov, G. and Semenov, S. and Spiridonov, A.
               and Stolin, V. and Vlasov, E. and Zhokin, A. and Andreev, V. and Azarkin, M. and Dremin, I. and
               Kirakosyan, M. and Leonidov, A. and Mesyats, G. and Rusakov, S. V. and Vinogradov, A. and Belyaev,
               A. and Boos, E. and Dubinin, M. and Dudko, L. and Ershov, A. and Gribushin, A. and Kaminskiy, A. and
               Klyukhin, V. and Kodolova, O. and Lokhtin, I. and Obraztsov, S. and Petrushanko, S. and Savrin, V.
               and Azhgirey, I. and Bayshev, I. and Bitioukov, S. and Kachanov, V. and Kalinin, A. and
               Konstantinov, D. and Krychkine, V. and Petrov, V. and Ryutin, R. and Sobol, A. and Tourtchanovitch,
               L. and Troshin, S. and Tyurin, N. and Uzunian, A. and Volkov, A. and Adzic, P. and Dordevic, M. and
               Ekmedzic, M. and Milosevic, J. and Aguilar-Benitez, M. and Alcaraz Maestre, J. and Battilana, C. and
               Calvo, E. and Cerrada, M. and Chamizo Llatas, M. and Colino, N. and De La Cruz, B. and Delgado
               Peris, A. and Dom{\'{i}}nguez V{\'{a}}zquez, D. and Fernandez Bedoya, C. and Fern{\'{a}}ndez Ramos,
               J. P. and Ferrando, A. and Flix, J. and Fouz, M. C. and Garcia-Abia, P. and Gonzalez Lopez, O. and
               Goy Lopez, S. and Hernandez, J. M. and Josa, M. I. and Merino, G. and Navarro De Martino, E. and
               P{\'{e}}rez-Calero Yzquierdo, A. and Puerta Pelayo, J. and Quintario Olmeda, A. and Redondo, I. and
               Romero, L. and Soares, M. S. and Willmott, C. and Albajar, C. and de Troc{\'{o}}niz, J. F. and
               Missiroli, M. and Brun, H. and Cuevas, J. and Fernandez Menendez, J. and Folgueras, S. and Gonzalez
               Caballero, I. and Lloret Iglesias, L. and Brochero Cifuentes, J. A. and Cabrillo, I. J. and
               Calderon, A. and Duarte Campderros, J. and Fernandez, M. and Gomez, G. and Gonzalez Sanchez, J. and
               Graziano, A. and Jaramillo Echeverria, R. W. and Lopez Virto, A. and Marco, J. and Marco, R. and
               Martinez Rivero, C. and Matorras, F. and Moya, D. and Munoz Sanchez, F. J. and Piedra Gomez, J. and
               Rodrigo, T. and Rodr{\'{i}}guez-Marrero, A. Y. and Ruiz-Jimeno, A. and Scodellaro, L. and Vila, I.
               and Vilar Cortabitarte, R. and Abbaneo, D. and Ahmed, I. and Albert, E. and Auffray, E. and
               Auzinger, G. and Bachtis, M. and Baillon, P. and Ball, A. H. and Barney, D. and Benaglia, A. and
               Bendavid, J. and Benhabib, L. and Benitez, J. F. and Bernet, C. and Berruti, G. M. and Bianchi, G.
               and Blanchot, G. and Bloch, P. and Bocci, A. and Bonato, A. and Bondu, O. and Botta, C. and Breuker,
               H. and Camporesi, T. and Ceresa, D. and Cerminara, G. and Christiansen, J. and Christiansen, T. and
               Ch{\'{a}}vez Niemel{\"{a}}, A. O. and Coarasa Perez, J. A. and Colafranceschi, S. and D'Alfonso, M.
               and D'Auria, A. and d'Enterria, D. and Dabrowski, A. and Daguin, J. and David, A. and De Guio, F.
               and De Roeck, A. and De Visscher, S. and Detraz, S. and Deyrail, D. and Dobson, M. and
               Dupont-Sagorin, N. and Elliott-Peisert, A. and Eugster, J. and Faccio, F. and Felici, D. and Frank,
               N. and Franzoni, G. and Funk, W. and Giffels, M. and Gigi, D. and Gill, K. and Giordano, D. and
               Girone, M. and Giunta, M. and Glege, F. and Gomez- Reino Garrido, R. and Gowdy, S. and Guida, R. and
               Hammer, J. and Hansen, M. and Harris, P. and Honma, A. and Innocente, V. and Janot, P. and Kaplon,
               J. and Karavakis, E. and Katopodis, T. and Kottelat, L. J. and Kousouris, K. and Kov{\'{a}}cs, M. I.
               and Krajczar, K. and Krzempek, L. and Lecoq, P. and Louren{\c{c}}o, C. and Magini, N. and Malgeri,
               L. and Mannelli, M. and Marchioro, A. and Marconi, S. and Marques Pinho Noite, J. and Masetti, L.
               and Meijers, F. and Mersi, S. and Meschi, E. and Michelis, S. and Moll, M. and Moortgat, F. and
               Mulders, M. and Musella, P. and Onnela, A. and Orsini, L. and Pakulski, T. and Palencia Cortezon, E.
               and Pavis, S. and Perez, E. and Pernot, J. F. and Perrozzi, L. and Petagna, P. and Petrilli, A. and
               Petrucciani, G. and Pfeiffer, A. and Pierini, M. and Pimi{\"{a}}, M. and Piparo, D. and Plagge, M.
               and Postema, H. and Racz, A. and Reece, W. and Rolandi, G. and Rovere, M. and Rzonca, M. and
               Sakulin, H. and Santanastasio, F. and Sch{\"{a}}fer, C. and Schwick, C. and Sekmen, S. and Sharma,
               A. and Siegrist, P. and Silva, P. and Simon, M. and Sphicas, P. and Spiga, D. and Steggemann, J. and
               Stieger, B. and Stoye, M. and Szwarc, T. and Tropea, P. and Troska, J. and Tsirou, A. and Vasey, F.
               and Veres, G. I. and Verlaat, B. and Vichoudis, P. and Vlimant, J. R. and W{\"{o}}hri, H. K. and
               Zeuner, W. D. and Zwalinski, L. and Bertl, W. and Deiters, K. and Erdmann, W. and Horisberger, R.
               and Ingram, Q. and Kaestli, H. C. and K{\"{o}}nig, S. and Kotlinski, D. and Langenegger, U. and
               Meier, B. and Renker, D. and Rohe, T. and Streuli, S. and Bachmair, F. and B{\"{a}}ni, L. and
               Becker, R. and Bianchini, L. and Bortignon, P. and Buchmann, M. A. and Casal, B. and Chanon, N. and
               Da Silva Di Calafiori, D. R. and Deisher, A. and Dissertori, G. and Dittmar, M. and Djambazov, L.
               and Doneg{\`{a}}, M. and D{\"{u}}nser, M. and Eller, P. and Grab, C. and Hits, D. and Horisberger,
               U. and Hoss, J. and Lustermann, W. and Mangano, B. and Marini, A. C. and Martinez Ruiz del Arbol, P.
               and Masciovecchio, M. and Meister, D. and Mohr, N. and N{\"{a}}geli, C. and Nef, P. and
               Nessi-Tedaldi, F. and Pandolfi, F. and Pape, L. and Pauss, F. and Peruzzi, M. and Quittnat, M. and
               Ronga, F. J. and R{\"{o}}ser, U. and Rossini, M. and Starodumov, A. and Takahashi, M. and Tauschery,
               L. and Theofilatos, K. and Treille, D. and von Gunten, H. P. and Wallny, R. and Weber, H. A. and
               Amsler, C. and B{\"{o}}siger, K. and Canelli, M. F. and Chiochia, V. and De Cosa, A. and Favaro, C.
               and Hinzmann, A. and Hreus, T. and Ivova Rikova, M. and Kilminster, B. and Lange, C. and Maier, R.
               and Millan Mejias, B. and Ngadiuba, J. and Robmann, P. and Snoek, H. and Taroni, S. and Verzetti, M.
               and Yang, Y. and Cardaci, M. and Chen, K. H. and Ferro, C. and Kuo, C. M. and Li, S. W. and Lin, W.
               and Lu, Y. J. and Volpe, R. and Yu, S. S. and Bartalini, P. and Chang, P. and Chang, Y. H. and
               Chang, Y. W. and Chao, Y. and Chen, K. F. and Chen, P. H. and Dietz, C. and Grundler, U. and Hou, W.
               S. and Hsiung, Y. and Kao, K. Y. and Lei, Y. J. and Liu, Y. F. and Lu, R. S. and Majumder, D. and
               Petrakou, E. and Shi, X. and Shiu, J. G. and Tzeng, Y. M. and Wang, M. and Wilken, R. and
               Asavapibhop, B. and Suwonjandee, N. and Adiguzel, A. and Bakirci, M. N. and Cerci, S. and Dozen, C.
               and Dumanoglu, I. and Eskut, E. and Girgis, S. and Gokbulut, G. and Gurpinar, E. and Hos, I. and
               Kangal, E. E. and Kayis Topaksu, A. and Onengut, G. and Ozdemir, K. and Ozturk, S. and Polatoz, A.
               and Sogut, K. and Sunar Cerci, D. and Tali, B. and Topakli, H. and Vergili, M. and Akin, I. V. and
               Aliev, T. and Bilin, B. and Bilmis, S. and Deniz, M. and Gamsizkan, H. and Guler, A. M. and
               Karapinar, G. and Ocalan, K. and Ozpineci, A. and Serin, M. and Sever, R. and Surat, U. E. and
               Yalvac, M. and Zeyrek, M. and G{\"{u}}lmez, E. and Isildak, B. and Kaya, M. and Kaya, O. and
               Ozkorucuklu, S. and Bahtiyar, H. and Barlas, E. and Cankocak, K. and G{\"{u}}naydin, Y. O. and
               Vardarli, F. I. and Y{\"{u}}cel, M. and Levchuk, L. and Sorokin, P. and Brooke, J. J. and Clement,
               E. and Cussans, D. and Flacher, H. and Frazier, R. and Goldstein, J. and Grimes, M. and Heath, G. P.
               and Heath, H. F. and Jacob, J. and Kreczko, L. and Lucas, C. and Meng, Z. and Newbold, D. M. and
               Paramesvaran, S. and Poll, A. and Senkin, S. and Smith, V. J. and Williams, T. and Bell, K. W. and
               Belyaev, A. and Brew, C. and Brown, R. M. and Cockerill, D. J.A. and Coughlan, J. A. and Harder, K.
               and Harper, S. and Ilic, J. and Olaiya, E. and Petyt, D. and Shepherd-Themistocleous, C. H. and
               Thea, A. and Tomalin, I. R. and Womersley, W. J. and Worm, S. D. and Baber, M. and Bainbridge, R.
               and Buchmuller, O. and Burton, D. and Colling, D. and Cripps, N. and Cutajar, M. and Dauncey, P. and
               Davies, G. and Della Negra, M. and Ferguson, W. and Fulcher, J. and Futyan, D. and Gilbert, A. and
               Guneratne Bryer, A. and Hall, G. and Hatherell, Z. and Hays, J. and Iles, G. and Jarvis, M. and
               Karapostoli, G. and Kenzie, M. and Lane, R. and Lucas, R. and Lyons, L. and Magnan, A. M. and
               Marrouche, J. and Mathias, B. and Nandi, R. and Nash, J. and Nikitenko, A. and Pela, J. and
               Pesaresi, M. and Petridis, K. and Pioppi, M. and Raymond, D. M. and Rogerson, S. and Rose, A. and
               Seez, C. and Sharpy, P. and Sparrow, A. and Tapper, A. and Vazquez Acosta, M. and Virdee, T. and
               Wakefield, S. and Wardle, N. and Cole, J. E. and Hobson, P. R. and Khan, A. and Kyberd, P. and
               Leggat, D. and Leslie, D. and Martin, W. and Reid, I. D. and Symonds, P. and Teodorescu, L. and
               Turner, M. and Dittmann, J. and Hatakeyama, K. and Kasmi, A. and Liu, H. and Scarborough, T. and
               Charaf, O. and Cooper, S. I. and Henderson, C. and Rumerio, P. and Avetisyan, A. and Bose, T. and
               Fantasia, C. and Heister, A. and Lawson, P. and Lazic, D. and Richardson, C. and Rohlf, J. and
               Sperka, D. and St. John, J. and Sulak, L. and Alimena, J. and Bhattacharya, S. and Christopher, G.
               and Cutts, D. and Demiragli, Z. and Ferapontov, A. and Garabedian, A. and Heintz, U. and Jabeen, S.
               and Kukartsev, G. and Laird, E. and Landsberg, G. and Luk, M. and Narain, M. and Segala, M. and
               Sinthuprasith, T. and Speer, T. and Swanson, J. and Breedon, R. and Breto, G. and Calderon De La
               Barca Sanchez, M. and Chauhan, S. and Chertok, M. and Conway, J. and Conway, R. and Cox, P. T. and
               Erbacher, R. and Flores, C. and Gardner, M. and Ko, W. and Kopecky, A. and Lander, R. and Miceli, T.
               and Mulhearn, M. and Pellett, D. and Pilot, J. and Ricci-Tam, F. and Rutherford, B. and Searle, M.
               and Shalhout, S. and Smith, J. and Squires, M. and Thomson, J. and Tripathi, M. and Wilbur, S. and
               Yohay, R. and Andreev, V. and Cline, D. and Cousins, R. and Erhan, S. and Everaerts, P. and Farrell,
               C. and Felcini, M. and Hauser, J. and Ignatenko, M. and Jarvis, C. and Rakness, G. and Schleiny, P.
               and Takasugi, E. and Valuev, V. and Weber, M. and Babb, J. and Burt, K. and Clare, R. and Ellison,
               J. and Gary, J. W. and Hanson, G. and Heilman, J. and Jandir, P. and Lacroix, F. and Liu, H. and
               Long, O. R. and Luthra, A. and Malberti, M. and Nguyen, H. and Olmedo Negrete, M. and Shrinivas, A.
               and Sturdy, J. and Sumowidagdo, S. and Wimpenny, S. and Andrews, W. and Branson, J. G. and Cerati,
               G. B. and Cittolin, S. and D'Agnolo, R. T. and Evans, D. and Holzner, A. and Kelley, R. and
               Kovalskyi, D. and Lebourgeois, M. and Letts, J. and Macneill, I. and Padhi, S. and Palmer, C. and
               Pieri, M. and Sani, M. and Sharma, V. and Simon, S. and Sudano, E. and Tadel, M. and Tu, Y. and
               Vartak, A. and Wasserbaech, S. and W{\"{u}}rthwein, F. and Yagil, A. and Yoo, J. and Barge, D. and
               Bradmiller-Feld, J. and Campagnari, C. and Danielson, T. and Dishaw, A. and Flowers, K. and Franco
               Sevilla, M. and Geffert, P. and George, C. and Golf, F. and Incandela, J. and Justus, C. and Kyre,
               S. and Maga˜na Villalba, R. and Mccoll, N. and Mullin, S. D. and Pavlunin, V. and Richman, J. and
               Rossin, R. and Stuart, D. and To, W. and West, C. and White, D. and Apresyan, A. and Bornheim, A.
               and Bunn, J. and Chen, Y. and Di Marco, E. and Duarte, J. and Kcira, D. and Mott, A. and Newman, H.
               B. and Pena, C. and Rogan, C. and Spiropulu, M. and Timciuc, V. and Wilkinson, R. and Xie, S. and
               Zhu, R. Y. and Azzolini, V. and Calamba, A. and Carroll, R. and Ferguson, T. and Iiyama, Y. and
               Jang, D. W. and Paulini, M. and Russ, J. and Vogel, H. and Vorobiev, I. and Cumalat, J. P. and
               Drell, B. R. and Ford, W. T. and Gaz, A. and Luiggi Lopez, E. and Nauenberg, U. and Smith, J. G. and
               Stenson, K. and Ulmer, K. A. and Wagner, S. R. and Alexander, J. and Chatterjee, A. and Eggert, N.
               and Gibbons, L. K. and Hopkins, W. and Khukhunaishvili, A. and Kreis, B. and Mirman, N. and Nicolas
               Kaufman, G. and Patterson, J. R. and Ryd, A. and Salvati, E. and Sun, W. and Teo, W. D. and Thom, J.
               and Thompson, J. and Tucker, J. and Weng, Y. and Winstrom, L. and Wittich, P. and Winn, D. and
               Abdullin, S. and Albrow, M. and Anderson, J. and Apollinari, G. and Bauerdick, L. A.T. and Beretvas,
               A. and Berryhill, J. and Bhat, P. C. and Burkett, K. and Butler, J. N. and Chetluru, V. and Cheung,
               H. W.K. and Chlebana, F. and Chramowicz, J. and Cihangir, S. and Cooper, W. and Deptuch, G. and
               Derylo, G. and Elvira, V. D. and Fisk, I. and Freeman, J. and Gao, Y. and Gingu, V. C. and
               Gottschalk, E. and Gray, L. and Green, D. and Gr{\"{u}}nendahl, S. and Gutsche, O. and Hare, D. and
               Harris, R. M. and Hirschauer, J. and Hoff, J. R. and Hooberman, B. and Howell, J. and Hrycyk, M. and
               Jindariani, S. and Johnson, M. and Joshi, U. and Kaadze, K. and Klima, B. and Kwan, S. and Lei, C.
               M. and Linacre, J. and Lincoln, D. and Lipton, R. and Liu, T. and Los, S. and Lykken, J. and
               Maeshima, K. and Marraffino, J. M. and Martinez Outschoorn, V. I. and Maruyama, S. and Mason, D. and
               Matulik, M. S. and McBride, P. and Mishra, K. and Mrenna, S. and Musienko, Y. and Nahn, S. and
               Newman-Holmes, C. and O'Dell, V. and Prokofyev, O. and Prosser, A. and Ratnikova, N. and Rivera, R.
               and Sexton-Kennedy, E. and Sharma, S. and Spalding, W. J. and Spiegel, L. and Taylor, L. and
               Tkaczyk, S. and Tran, N. V. and Trimpl, M. and Uplegger, L. and Vaandering, E. W. and Vidal, R. and
               Voirin, E. and Whitbeck, A. and Whitmore, J. and Wu, W. and Yang, F. and Yun, J. C. and Acosta, D.
               and Avery, P. and Bourilkov, D. and Cheng, T. and Das, S. and De Gruttola, M. and Di Giovanni, G. P.
               and Dobur, D. and Field, R. D. and Fisher, M. and Fu, Y. and Furic, I. K. and Hugon, J. and Kim, B.
               and Konigsberg, J. and Korytov, A. and Kropivnitskaya, A. and Kypreos, T. and Low, J. F. and
               Matchev, K. and Milenovic, P. and Mitselmakher, G. and Muniz, L. and Rinkevicius, A. and Shchutska,
               L. and Skhirtladze, N. and Snowball, M. and Yelton, J. and Zakaria, M. and Gaultney, V. and
               Hewamanage, S. and Linn, S. and Markowitz, P. and Martinez, G. and Rodriguez, J. L. and Adams, T.
               and Askew, A. and Bochenek, J. and Chen, J. and Diamond, B. and Haas, J. and Hagopian, S. and
               Hagopian, V. and Johnson, K. F. and Prosper, H. and Veeraraghavan, V. and Weinberg, M. and Baarmand,
               M. M. and Dorney, B. and Hohlmann, M. and Kalakhety, H. and Yumiceva, F. and Adams, M. R. and
               Apanasevich, L. and Bazterra, V. E. and Betts, R. R. and Bucinskaite, I. and Cavanaugh, R. and
               Evdokimov, O. and Gauthier, L. and Gerber, C. E. and Hofman, D. J. and Kapustka, B. and Khalatyan,
               S. and Kurt, P. and Moon, D. H. and O'Brien, C. and Sandoval Gonzalez, I. D. and Silkworth, C. and
               Turner, P. and Varelas, N. and Akgun, U. and Albayrak, E. A. and Bilki, B. and Clarida, W. and
               Dilsiz, K. and Duru, F. and Haytmyradov, M. and Merlo, J. P. and Mermerkaya, H. and Mestvirishvili,
               A. and Moeller, A. and Nachtman, J. and Ogul, H. and Onel, Y. and Ozok, F. and Rahmat, R. and Sen,
               S. and Tan, P. and Tiras, E. and Wetzel, J. and Yetkin, T. and Yi, K. and Anderson, I. and Barnett,
               B. A. and Blumenfeld, B. and Bolognesi, S. and Fehling, D. and Gritsan, A. V. and Maksimovic, P. and
               Martin, C. and Nash, K. and Osherson, M. and Swartz, M. and Xiao, M. and Baringer, P. and Bean, A.
               and Benelli, G. and Gray, J. and Kenny, R. P. and Murray, M. and Noonan, D. and Sanders, S. and
               Sekaric, J. and Stringer, R. and Tinti, G. and Wang, Q. and Wood, J. S. and Barfuss, A. F. and
               Chakaberia, I. and Ivanov, A. and Khalil, S. and Makouski, M. and Maravin, Y. and Saini, L. K. and
               Shrestha, S. and Svintradze, I. and Taylor, R. and Toda, S. and Gronberg, J. and Lange, D. and
               Rebassoo, F. and Wright, D. and Baden, A. and Calvert, B. and Eno, S. C. and Gomez, J. A. and
               Hadley, N. J. and Kellogg, R. G. and Kolberg, T. and Lu, Y. and Marionneau, M. and Mignerey, A. C.
               and Pedro, K. and Skuja, A. and Temple, J. and Tonjes, M. B. and Tonwar, S. C. and Apyan, A. and
               Barbieri, R. and Bauer, G. and Busza, W. and Cali, I. A. and Chan, M. and Di Matteo, L. and Dutta,
               V. and Gomez Ceballos, G. and Goncharov, M. and Gulhan, D. and Klute, M. and Lai, Y. S. and Lee, Y.
               J. and Levin, A. and Luckey, P. D. and Ma, T. and Paus, C. and Ralph, D. and Roland, C. and Roland,
               G. and Stephans, G. S.F. and St{\"{o}}ckli, F. and Sumorok, K. and Velicanu, D. and Veverka, J. and
               Wyslouch, B. and Yang, M. and Yoon, A. S. and Zanetti, M. and Zhukova, V. and Dahmes, B. and De
               Benedetti, A. and Gude, A. and Kao, S. C. and Klapoetke, K. and Kubota, Y. and Mans, J. and Pastika,
               N. and Rusack, R. and Singovsky, A. and Tambe, N. and Turkewitz, J. and Acosta, J. G. and Cremaldi,
               L. M. and Kroeger, R. and Oliveros, S. and Perera, L. and Sanders, D. A. and Summers, D. and
               Avdeeva, E. and Bloom, K. and Bose, S. and Claes, D. R. and Dominguez, A. and Fangmeier, C. and
               Gonzalez Suarez, R. and Keller, J. and Knowlton, D. and Kravchenko, I. and Lazo-Flores, J. and
               Malik, S. and Meier, F. and Monroy, J. and Snow, G. R. and Dolen, J. and George, J. and Godshalk, A.
               and Iashvili, I. and Jain, S. and Kaisen, J. and Kharchilava, A. and Kumar, A. and Rappoccio, S. and
               Alverson, G. and Barberis, E. and Baumgartel, D. and Chasco, M. and Haley, J. and Massironi, A. and
               Nash, D. and Orimoto, T. and Trocino, D. and Wood, D. and Zhang, J. and Anastassov, A. and Hahn, K.
               A. and Kubik, A. and Lusito, L. and Mucia, N. and Odell, N. and Pollack, B. and Pozdnyakov, A. and
               Schmitt, M. and Sevova, S. and Stoynev, S. and Sung, K. and Trovato, M. and Velasco, M. and Won, S.
               and Berry, D. and Brinkerhoff, A. and Chan, K. M. and Drozdetskiy, A. and Hildreth, M. and Jessop,
               C. and Karmgard, D. J. and Kellams, N. and Kolb, J. and Lannon, K. and Luo, W. and Lynch, S. and
               Marinelli, N. and Morse, D. M. and Pearson, T. and Planer, M. and Ruchti, R. and Slaunwhite, J. and
               Valls, N. and Wayne, M. and Wolf, M. and Woodard, A. and Antonelli, L. and Bylsma, B. and Durkin, L.
               S. and Flowers, S. and Hill, C. and Hughes, R. and Kotov, K. and Ling, T. Y. and Puigh, D. and
               Rodenburg, M. and Smith, G. and Vuosalo, C. and Winer, B. L. and Wolfe, H. and Wulsin, H. W. and
               Berry, E. and Elmer, P. and Halyo, V. and Hebda, P. and Hegeman, J. and Hunt, A. and Jindal, P. and
               Koay, S. A. and Lujan, P. and Marlow, D. and Medvedeva, T. and Mooney, M. and Olsen, J. and
               Pirou{\'{e}}, P. and Quan, X. and Raval, A. and Saka, H. and Stickland, D. and Tully, C. and Werner,
               J. S. and Zenz, S. C. and Zuranski, A. and Brownson, E. and Lopez, A. and Mendez, H. and Ramirez
               Vargas, J. E. and Alagoz, E. and Arndt, K. and Benedetti, D. and Bolla, G. and Bortoletto, D. and
               Bubna, M. and Cervantes, M. and De Mattia, M. and Everett, A. and Hu, Z. and Jha, M. K. and Jones,
               M. and Jung, K. and Kress, M. and Leonardo, N. and Lopes Pegna, D. and Maroussov, V. and Merkel, P.
               and Miller, D. H. and Neumeister, N. and Radburn-Smith, B. C. and Shipsey, I. and Silvers, D. and
               Svyatkovskiy, A. and Wang, F. and Xie, W. and Xu, L. and Yoo, H. D. and Zablocki, J. and Zheng, Y.
               and Parashar, N. and Stupak, J. and Adair, A. and Akgun, B. and Ecklund, K. M. and Geurts, F. J.M.
               and Li, W. and Michlin, B. and Padley, B. P. and Redjimi, R. and Roberts, J. and Zabel, J. and
               Betchart, B. and Bodek, A. and Covarelli, R. and de Barbaro, P. and Demina, R. and Eshaq, Y. and
               Ferbel, T. and Garcia- Bellido, A. and Goldenzweig, P. and Han, J. and Harel, A. and Miner, D. C.
               and Petrillo, G. and Vishnevskiy, D. and Zielinski, M. and Bhatti, A. and Ciesielski, R. and
               Demortier, L. and Goulianos, K. and Lungu, G. and Malik, S. and Mesropian, C. and Arora, S. and
               Barker, A. and Bartz, E. and Chou, J. P. and Contreras-Campana, C. and Contreras-Campana, E. and
               Duggan, D. and Ferencek, D. and Gershtein, Y. and Gray, R. and Halkiadakis, E. and Hidas, D. and
               Lath, A. and Panwalkar, S. and Park, M. and Patel, R. and Rekovic, V. and Robles, J. and Salur, S.
               and Schnetzer, S. and Seitz, C. and Somalwar, S. and Stone, R. and Thomas, S. and Thomassen, P. and
               Walker, M. and Rose, K. and Spanier, S. and Yang, Z. C. and York, A. and Bouhali, O. and Eusebi, R.
               and Flanagan, W. and Gilmore, J. and Kamon, T. and Khotilovich, V. and Krutelyov, V. and Montalvo,
               R. and Osipenkov, I. and Pakhotin, Y. and Perloff, A. and Roe, J. and Safonov, A. and Sakuma, T. and
               Suarez, I. and Tatarinov, A. and Toback, D. and Akchurin, N. and Cowden, C. and Damgov, J. and
               Dragoiu, C. and Dudero, P. R. and Faulkner, J. and Kovitanggoon, K. and Kunori, S. and Lee, S. W.
               and Libeiro, T. and Volobouev, I. and Appelt, E. and Delannoy, A. G. and Greene, S. and Gurrola, A.
               and Johns, W. and Maguire, C. and Mao, Y. and Melo, A. and Sharma, M. and Sheldon, P. and Snook, B.
               and Tuo, S. and Velkovska, J. and Arenton, M. W. and Boutle, S. and Cox, B. and Francis, B. and
               Goodell, J. and Hirosky, R. and Ledovskoy, A. and Lin, C. and Neu, C. and Wood, J. and Gollapinni,
               S. and Harr, R. and Karchin, P. E. and Kottachchi Kankanamge Don, C. and Lamichhane, P. and Belknap,
               D. A. and Borrello, L. and Carlsmith, D. and Cepeda, M. and Dasu, S. and Duric, S. and Friis, E. and
               Grothe, M. and Hall-Wilton, R. and Herndon, M. and Herv{\'{e}}, A. and Klabbers, P. and Klukas, J.
               and Lanaro, A. and Levine, A. and Loveless, R. and Mohapatra, A. and Ojalvo, I. and Palmonari, F.
               and Perry, T. and Pierro, G. A. and Polese, G. and Ross, I. and Sakharov, A. and Sarangi, T. and
               Savin, A. and Smith, W. H. and Woods, N.},
  title     = {{Description and performance of track and primary-vertex reconstruction with the CMS tracker}},
  month     = {5},
  issn      = {17480221},
  arxivid   = {1405.6569},
  keywords  = {Large detectorsystems performance, Pattern recognition, cluster finding,
               calibration and fitting methods, Performance of High Energy Physics Detectors},
  journal   = {Journal of Instrumentation},
  volume    = {9},
  number    = {10},
  year      = {2014},
  pages     = {P10009},
  doi       = {10.1088/1748-0221/9/10/P10009},
  publisher = {Institute of Physics Publishing},
  url       = {https://cds.cern.ch/record/1704291}
}

@article{Sirunyan2021ElectronLHC,
  author    = {Sirunyan, A. M. and Tumasyan, A. and Adam, W. and Bergauer, T. and Dragicevic, M. and Escalante Del
               Valle, A. and Fr{\"{u}}hwirth, R. and Jeitler, M. and Krammer, N. and Lechner, L. and Liko, D. and
               Mikulec, I. and Pitters, F. M. and Rad, N. and Schieck, J. and Sch{\"{o}}fbeck, R. and Spanring, M.
               and Templ, S. and Waltenberger, W. and Wulz, C. E. and Zarucki, M. and Chekhovsky, V. and Litomin,
               A. and Makarenko, V. and Suarez Gonzalez, J. and Darwish, M. R. and De Wolf, E. A. and Janssen, X.
               and Kello, T. and Lelek, A. and Pieters, M. and Rejeb Sfar, H. and Van Haevermaet, H. and Van
               Mechelen, P. and Van Putte, S. and Van Remortel, N. and Blekman, F. and Bols, E. S. and Chhibra, S.
               S. and D'Hondt, J. and De Clercq, J. and Lontkovskyi, D. and Lowette, S. and Marchesini, I. and
               Moortgat, S. and Morton, A. and M{\"{u}}ller, D. and Python, Q. and Tavernier, S. and Van Doninck,
               W. and Van Mulders, P. and Beghin, D. and Bilin, B. and Clerbaux, B. and De Lentdecker, G. and
               Dorney, B. and Favart, L. and Grebenyuk, A. and Kalsi, A. K. and Makarenko, I. and Moureaux, L. and
               P{\'{e}}tr{\'{e}}, L. and Popov, A. and Postiau, N. and Starling, E. and Thomas, L. and Vander
               Velde, C. and Vanlaer, P. and Vannerom, D. and Wezenbeek, L. and Cornelis, T. and Dobur, D. and
               Gruchala, M. and Khvastunov, I. and Mestdach, G. and Niedziela, M. and Roskas, C. and Skovpen, K.
               and Tytgat, M. and Verbeke, W. and Vermassen, B. and Vit, M. and Bruno, G. and Bury, F. and Caputo,
               C. and David, P. and Delaere, C. and Delcourt, M. and Donertas, I. S. and Giammanco, A. and
               Lemaitre, V. and Mondal, K. and Prisciandaro, J. and Taliercio, A. and Teklishyn, M. and Vischia, P.
               and Wertz, S. and Wuyckens, S. and Alves, G. A. and Hensel, C. and Moraes, A. and Ald{\'{a}}, W. L.
               and Belchior Batista Das Chagas, E. and Brandao Malbouisson, H. and Carvalho, W. and Chinellato, J.
               and Coelho, E. and Da Costa, E. M. and Da Silveira, G. G. and De Jesus Damiao, D. and Fonseca De
               Souza, S. and Martins, J. and Matos Figueiredo, D. and Medina Jaime, M. and Mora Herrera, C. and
               Mundim, L. and Nogima, H. and Rebello Teles, P. and Sanchez Rosas, L. J. and Santoro, A. and Silva
               Do Amaral, S. M. and Sznajder, A. and Thiel, M. and Torres Da Silva De Araujo, F. and Vilela
               Pereira, A. and Bernardes, C. A. and Calligaris, L. and Fernandez Perez Tomei, T. R. and Gregores,
               E. M. and Lemos, D. S. and Mercadante, P. G. and Novaes, S. F. and Padula, Sandra S. and
               Aleksandrov, A. and Antchev, G. and Atanasov, I. and Hadjiiska, R. and Iaydjiev, P. and Misheva, M.
               and Rodozov, M. and Shopova, M. and Sultanov, G. and Dimitrov, A. and Ivanov, T. and Litov, L. and
               Pavlov, B. and Petkov, P. and Petrov, A. and Cheng, T. and Fang, W. and Guo, Q. and Mittal, M. and
               Wang, H. and Yuan, L. and Ahmad, M. and Bauer, G. and Hu, Z. and Wang, Y. and Yi, K. and Chapon, E.
               and Chen, G. M. and Chen, H. S. and Chen, M. and Javaid, T. and Kapoor, A. and Leggat, D. and Liao,
               H. and Liu, Z. A. and Sharma, R. and Spiezia, A. and Tao, J. and Thomas-Wilsker, J. and Wang, J. and
               Zhang, H. and Zhang, S. and Zhao, J. and Agapitos, A. and Ban, Y. and Chen, C. and Huang, Q. and
               Levin, A. and Li, Q. and Lu, M. and Lyu, X. and Mao, Y. and Qian, S. J. and Wang, D. and Wang, Q.
               and Xiao, J. and You, Z. and Gao, X. and Xiao, M. and Avila, C. and Cabrera, A. and Florez, C. and
               Fraga, J. and Sarkar, A. and Segura Delgado, M. A. and Jaramillo, J. and Mejia Guisao, J. and
               Ramirez, F. and Ruiz Alvarez, J. D. and Salazar Gonz{\'{a}}lez, C. A. and Vanegas Arbelaez, N. and
               Giljanovic, D. and Godinovic, N. and Lelas, D. and Puljak, I. and Antunovic, Z. and Kovac, M. and
               Sculac, T. and Brigljevic, V. and Ferencek, D. and Majumder, D. and Roguljic, M. and Starodumov, A.
               and Susa, T. and Ather, M. W. and Attikis, A. and Erodotou, E. and Ioannou, A. and Kole, G. and
               Kolosova, M. and Konstantinou, S. and Mousa, J. and Nicolaou, C. and Ptochos, F. and Razis, P. A.
               and Rykaczewski, H. and Saka, H. and Tsiakkouri, D. and Finger, M. and Finger, M. and Kveton, A. and
               Tomsa, J. and Ayala, E. and Carrera Jarrin, E. and Abdalla, H. and Abdelalim, A. A. and Assran, Y.
               and Lotfy, A. and Mahmoud, M. A. and Bhowmik, S. and Carvalho Antunes De Oliveira, A. and Dewanjee,
               R. K. and Ehataht, K. and Kadastik, M. and Pata, J. and Raidal, M. and Veelken, C. and Eerola, P.
               and Forthomme, L. and Kirschenmann, H. and Osterberg, K. and Voutilainen, M. and Br{\"{u}}cken, E.
               and Garcia, F. and Havukainen, J. and Karim{\"{a}}ki, V. and Kim, M. S. and Kinnunen, R. and
               Lamp{\'{e}}n, T. and Lassila-Perini, K. and Lehti, S. and Lind{\'{e}}n, T. and Siikonen, H. and
               Tuominen, E. and Tuominiemi, J. and Luukka, P. and Tuuva, T. and Amendola, C. and Besancon, M. and
               Couderc, F. and Dejardin, M. and Denegri, D. and Faure, J. L. and Ferri, F. and Ganjour, S. and
               Givernaud, A. and Gras, P. and Hamel De Monchenault, G. and Jarry, P. and Lenzi, B. and Locci, E.
               and Malcles, J. and Rander, J. and Rosowsky, A. and Sahin, M. and Savoy-Navarro, A. and Titov, M.
               and Yu, G. B. and Ahuja, S. and Beaudette, F. and Bonanomi, M. and Buchot Perraguin, A. and Busson,
               P. and Charlot, C. and Davignon, O. and Diab, B. and Falmagne, G. and Granier De Cassagnac, R. and
               Hakimi, A. and Kucher, I. and Lobanov, A. and Martin Perez, C. and Nguyen, M. and Ochando, C. and
               Paganini, P. and Rembser, J. and Salerno, R. and Sauvan, J. B. and Sirois, Y. and Zabi, A. and
               Zghiche, A. and Agram, J. L. and Andrea, J. and Bloch, D. and Bourgatte, G. and Brom, J. M. and
               Chabert, E. C. and Collard, C. and Fontaine, J. C. and Gel{\'{e}}, D. and Goerlach, U. and Grimault,
               C. and Le Bihan, A. C. and Van Hove, P. and Asilar, E. and Beauceron, S. and Bernet, C. and Boudoul,
               G. and Camen, C. and Carle, A. and Chanon, N. and Contardo, D. and Depasse, P. and El Mamouni, H.
               and Fay, J. and Gascon, S. and Gouzevitch, M. and Ille, B. and Jain, Sa and Laktineh, I. B. and
               Lattaud, H. and Lesauvage, A. and Lethuillier, M. and Mirabito, L. and Shchablo, K. and Torterotot,
               L. and Touquet, G. and Vander Donckt, M. and Viret, S. and Khvedelidze, A. and Tsamalaidze, Z. and
               Feld, L. and Klein, K. and Lipinski, M. and Meuser, D. and Pauls, A. and Rauch, M. P. and Schulz, J.
               and Teroerde, M. and Eliseev, D. and Erdmann, M. and Fackeldey, P. and Fischer, B. and Ghosh, S. and
               Hebbeker, T. and Hoepfner, K. and Keller, H. and Mastrolorenzo, L. and Merschmeyer, M. and Meyer, A.
               and Mocellin, G. and Mondal, S. and Mukherjee, S. and Noll, D. and Novak, A. and Pook, T. and
               Pozdnyakov, A. and Rath, Y. and Reithler, H. and Roemer, J. and Schmidt, A. and Schuler, S. C. and
               Sharma, A. and Wiedenbeck, S. and Zaleski, S. and Dziwok, C. and Fl{\"{u}}gge, G. and Haj Ahmad, W.
               and Hlushchenko, O. and Kress, T. and Nowack, A. and Pistone, C. and Pooth, O. and Roy, D. and Sert,
               H. and Stahl, A. and Ziemons, T. and Aarup Petersen, H. and Aldaya Martin, M. and Asmuss, P. and
               Babounikau, I. and Baxter, S. and Behnke, O. and Berm{\'{u}}dez Mart{\'{i}}nez, A. and Bin Anuar, A.
               A. and Borras, K. and Botta, V. and Brunner, D. and Campbell, A. and Cardini, A. and Connor, P. and
               Consuegra Rodr{\'{i}}guez, S. and Danilov, V. and De Wit, A. and Defranchis, M. M. and Didukh, L.
               and Dom{\'{i}}nguez Damiani, D. and Eckerlin, G. and Eckstein, D. and Estevez Banos, L. I. and
               Gallo, E. and Geiser, A. and Giraldi, A. and Grohsjean, A. and Guthoff, M. and Harb, A. and Jafari,
               A. and Jomhari, N. Z. and Jung, H. and Kasem, A. and Kasemann, M. and Kaveh, H. and Kleinwort, C.
               and Knolle, J. and Kr{\"{u}}cker, D. and Lange, W. and Lenz, T. and Lidrych, J. and Lipka, K. and
               Lohmann, W. and Madlener, T. and Mankel, R. and Melzer-Pellmann, I. A. and Metwally, J. and Meyer,
               A. B. and Meyer, M. and Mnich, J. and Mussgiller, A. and Myronenko, V. and Otarid, Y. and
               P{\'{e}}rez Ad{\'{a}}n, D. and Pflitsch, S. K. and Pitzl, D. and Raspereza, A. and Saggio, A. and
               Saibel, A. and Savitskyi, M. and Scheurer, V. and Schwanenberger, C. and Singh, A. and Sosa Ricardo,
               R. E. and Tonon, N. and Turkot, O. and Vagnerini, A. and Van De Klundert, M. and Walsh, R. and
               Walter, D. and Wen, Y. and Wichmann, K. and Wissing, C. and Wuchterl, S. and Zenaiev, O. and
               Zlebcik, R. and Aggleton, R. and Bein, S. and Benato, L. and Benecke, A. and De Leo, K. and Dreyer,
               T. and Ebrahimi, A. and Eich, M. and Feindt, F. and Fr{\"{o}}hlich, A. and Garbers, C. and Garutti,
               E. and Gunnellini, P. and Haller, J. and Hinzmann, A. and Karavdina, A. and Kasieczka, G. and
               Klanner, R. and Kogler, R. and Kutzner, V. and Lange, J. and Lange, T. and Malara, A. and Niemeyer,
               C. E.N. and Nigamova, A. and Pena Rodriguez, K. J. and Rieger, O. and Schleper, P. and Schumann, S.
               and Schwandt, J. and Schwarz, D. and Sonneveld, J. and Stadie, H. and Steinbr{\"{u}}ck, G. and Tews,
               A. and Vormwald, B. and Zoi, I. and Bechtel, J. and Berger, T. and Butz, E. and Caspart, R. and
               Chwalek, T. and De Boer, W. and Dierlamm, A. and Droll, A. and El Morabit, K. and Faltermann, N. and
               Fl{\"{o}}h, K. and Giffels, M. and Gottmann, A. and Hartmann, F. and Heidecker, C. and Husemann, U.
               and Katkov, I. and Keicher, P. and Koppenh{\"{o}}fer, R. and Maier, S. and Metzler, M. and Mitra, S.
               and M{\"{u}}ller, Th and Musich, M. and Quast, G. and Rabbertz, K. and Rauser, J. and Savoiu, D. and
               Sch{\"{a}}fer, D. and Schnepf, M. and Schr{\"{o}}der, M. and Seith, D. and Shvetsov, I. and Simonis,
               H. J. and Ulrich, R. and Wassmer, M. and Weber, M. and Wolf, R. and Wozniewski, S. and Anagnostou,
               G. and Asenov, P. and Daskalakis, G. and Geralis, T. and Kyriakis, A. and Loukas, D. and Paspalaki,
               G. and Stakia, A. and Diamantopoulou, M. and Karasavvas, D. and Karathanasis, G. and Kontaxakis, P.
               and Koraka, C. K. and Manousakis-Katsikakis, A. and Panagiotou, A. and Papavergou, I. and Saoulidou,
               N. and Theofilatos, K. and Tziaferi, E. and Vellidis, K. and Vourliotis, E. and Bakas, G. and
               Kousouris, K. and Papakrivopoulos, I. and Tsipolitis, G. and Zacharopoulou, A. and Evangelou, I. and
               Foudas, C. and Gianneios, P. and Katsoulis, P. and Kokkas, P. and Manitara, K. and Manthos, N. and
               Papadopoulos, I. and Strologas, J. and Bart{\'{o}}k, M. and Csanad, M. and Gadallah, M. M.A. and
               L{\"{o}}k{\"{o}}s, S. and Major, P. and Mandal, K. and Mehta, A. and Pasztor, G. and Sur{\'{a}}nyi,
               O. and Veres, G. I. and Bencze, G. and Hajdu, C. and Horvath, D. and Sikler, F. and Veszpremi, V.
               and Vesztergombi, G. and Czellar, S. and Karancsi, J. and Molnar, J. and Szillasi, Z. and Teyssier,
               D. and Raics, P. and Trocsanyi, Z. L. and Ujvari, B. and Csorgo, T. and Nemes, F. and Novak, T. and
               Choudhury, S. and Komaragiri, J. R. and Kumar, D. and Panwar, L. and Tiwari, P. C. and Bahinipati,
               S. and Dash, D. and Kar, C. and Mal, P. and Mishra, T. and Muraleedharan Nair Bindhu, V. K. and
               Nayak, A. and Sur, N. and Swain, S. K. and Bansal, S. and Beri, S. B. and Bhatnagar, V. and
               Chaudhary, G. and Chauhan, S. and Dhingra, N. and Gupta, R. and Kaur, A. and Kaur, S. and Kumari, P.
               and Meena, M. and Sandeep, K. and Sharma, S. and Singh, J. B. and Virdi, A. K. and Ahmed, A. and
               Bhardwaj, A. and Choudhary, B. C. and Garg, R. B. and Gola, M. and Keshri, S. and Kumar, A. and
               Naimuddin, M. and Priyanka, P. and Ranjan, K. and Shah, A. and Bharti, M. and Bhattacharya, R. and
               Bhattacharya, S. and Bhowmik, D. and Dutta, S. and Ghosh, S. and Gomber, B. and Maity, M. and
               Nandan, S. and Palit, P. and Rout, P. K. and Saha, G. and Sahu, B. and Sarkar, S. and Sharan, M. and
               Singh, B. and Thakur, S. and Behera, P. K. and Behera, S. C. and Kalbhor, P. and Muhammad, A. and
               Pradhan, R. and Pujahari, P. R. and Sharma, A. and Sikdar, A. K. and Dutta, D. and Kumar, V. and
               Naskar, K. and Netrakanti, P. K. and Pant, L. M. and Shukla, P. and Aziz, T. and Dugad, S. and
               Mohanty, G. B. and Sarkar, U. and Banerjee, S. and Bhattacharya, S. and Chatterjee, S. and
               Chudasama, R. and Guchait, M. and Karmakar, S. and Kumar, S. and Majumder, G. and Mazumdar, K. and
               Mukherjee, S. and Roy, D. and Dube, S. and Kansal, B. and Pandey, S. and Rane, A. and Rastogi, A.
               and Sharma, S. and Bakhshiansohi, H. and Zeinali, M. and Chenarani, S. and Etesami, S. M. and
               Khakzad, M. and Mohammadi Najafabadi, M. and Felcini, M. and Grunewald, M. and Abbrescia, M. and
               Aly, R. and Aruta, C. and Colaleo, A. and Creanza, D. and De Filippis, N. and De Palma, M. and Di
               Florio, A. and Di Pilato, A. and Elmetenawee, W. and Fiore, L. and Gelmi, A. and Gul, M. and
               Iaselli, G. and Ince, M. and Lezki, S. and Maggi, G. and Maggi, M. and Margjeka, I. and
               Mastrapasqua, V. and Merlin, J. A. and My, S. and Nuzzo, S. and Pompili, A. and Pugliese, G. and
               Ranieri, A. and Selvaggi, G. and Silvestris, L. and Simone, F. M. and Venditti, R. and Verwilligen,
               P. and Abbiendi, G. and Battilana, C. and Bonacorsi, D. and Borgonovi, L. and Braibant-Giacomelli,
               S. and Campanini, R. and Capiluppi, P. and Castro, A. and Cavallo, F. R. and Ciocca, C. and
               Cuffiani, M. and Dallavalle, G. M. and Diotalevi, T. and Fabbri, F. and Fanfani, A. and Fontanesi,
               E. and Giacomelli, P. and Giommi, L. and Grandi, C. and Guiducci, L. and Iemmi, F. and Lo Meo, S.
               and Marcellini, S. and Masetti, G. and Navarria, F. L. and Perrotta, A. and Primavera, F. and Rossi,
               A. M. and Rovelli, T. and Siroli, G. P. and Tosi, N. and Albergo, S. and Costa, S. and Di Mattia, A.
               and Potenza, R. and Tricomi, A. and Tuve, C. and Barbagli, G. and Cassese, A. and Ceccarelli, R. and
               Ciulli, V. and Civinini, C. and D'Alessandro, R. and Fiori, F. and Focardi, E. and Latino, G. and
               Lenzi, P. and Lizzo, M. and Meschini, M. and Paoletti, S. and Seidita, R. and Sguazzoni, G. and
               Viliani, L. and Benussi, L. and Bianco, S. and Piccolo, D. and Bozzo, M. and Ferro, F. and Mulargia,
               R. and Robutti, E. and Tosi, S. and Benaglia, A. and Beschi, A. and Brivio, F. and Cetorelli, F. and
               Ciriolo, V. and De Guio, F. and Dinardo, M. E. and Dini, P. and Gennai, S. and Ghezzi, A. and
               Govoni, P. and Guzzi, L. and Malberti, M. and Malvezzi, S. and Massironi, A. and Menasce, D. and
               Monti, F. and Moroni, L. and Paganoni, M. and Pedrini, D. and Ragazzi, S. and Tabarelli De Fatis, T.
               and Valsecchi, D. and Zuolo, D. and Buontempo, S. and Cavallo, N. and De Iorio, A. and Fabozzi, F.
               and Fienga, F. and Iorio, A. O.M. and Lista, L. and Meola, S. and Paolucci, P. and Rossi, B. and
               Sciacca, C. and Azzi, P. and Bacchetta, N. and Bisello, D. and Bortignon, P. and Bragagnolo, A. and
               Carlin, R. and Checchia, P. and De Castro Manzano, P. and Dorigo, T. and Gasparini, F. and
               Gasparini, U. and Hoh, S. Y. and Layer, L. and Margoni, M. and Meneguzzo, A. T. and Presilla, M. and
               Ronchese, P. and Rossin, R. and Simonetto, F. and Strong, G. and Tosi, M. and Yarar, H. and Zanetti,
               M. and Zotto, P. and Zucchetta, A. and Zumerle, G. and Aime, C. and Braghieri, A. and Calzaferri, S.
               and Fiorina, D. and Montagna, P. and Ratti, S. P. and Re, V. and Ressegotti, M. and Riccardi, C. and
               Salvini, P. and Vai, I. and Vitulo, P. and Biasini, M. and Bilei, G. M. and Ciangottini, D. and
               Fan{\`{o}}, L. and Lariccia, P. and Mantovani, G. and Mariani, V. and Menichelli, M. and Moscatelli,
               F. and Piccinelli, A. and Rossi, A. and Santocchia, A. and Spiga, D. and Tedeschi, T. and Androsov,
               K. and Azzurri, P. and Bagliesi, G. and Bertacchi, V. and Bianchini, L. and Boccali, T. and
               Castaldi, R. and Ciocci, M. A. and Dell'Orso, R. and Di Domenico, M. R. and Donato, S. and Giannini,
               L. and Giassi, A. and Grippo, M. T. and Ligabue, F. and Manca, E. and Mandorli, G. and Messineo, A.
               and Palla, F. and Ramirez-Sanchez, G. and Rizzi, A. and Rolandi, G. and Roy Chowdhury, S. and
               Scribano, A. and Shafiei, N. and Spagnolo, P. and Tenchini, R. and Tonelli, G. and Turini, N. and
               Venturi, A. and Verdini, P. G. and Cavallari, F. and Cipriani, M. and Del Re, D. and Di Marco, E.
               and Diemoz, M. and Longo, E. and Meridiani, P. and Organtini, G. and Pandolfi, F. and Paramatti, R.
               and Quaranta, C. and Rahatlou, S. and Rovelli, C. and Santanastasio, F. and Soffi, L. and
               Tramontano, R. and Amapane, N. and Arcidiacono, R. and Argiro, S. and Arneodo, M. and Bartosik, N.
               and Bellan, R. and Bellora, A. and Berenguer Antequera, J. and Biino, C. and Cappati, A. and
               Cartiglia, N. and Cometti, S. and Costa, M. and Covarelli, R. and Demaria, N. and Kiani, B. and
               Legger, F. and Mariotti, C. and Maselli, S. and Migliore, E. and Monaco, V. and Monteil, E. and
               Monteno, M. and Obertino, M. M. and Ortona, G. and Pacher, L. and Pastrone, N. and Pelliccioni, M.
               and Pinna Angioni, G. L. and Ruspa, M. and Salvatico, R. and Siviero, F. and Sola, V. and Solano, A.
               and Soldi, D. and Staiano, A. and Tornago, M. and Trocino, D. and Belforte, S. and Candelise, V. and
               Casarsa, M. and Cossutti, F. and Da Rold, A. and Della Ricca, G. and Vazzoler, F. and Dogra, S. and
               Huh, C. and Kim, B. and Kim, D. H. and Kim, G. N. and Lee, J. and Lee, S. W. and Moon, C. S. and Oh,
               Y. D. and Pak, S. I. and Radburn-Smith, B. C. and Sekmen, S. and Yang, Y. C. and Kim, H. and Moon,
               D. H. and Francois, B. and Kim, T. J. and Park, J. and Cho, S. and Choi, S. and Go, Y. and Ha, S.
               and Hong, B. and Lee, K. and Lee, K. S. and Lim, J. and Park, J. and Park, S. K. and Yoo, J. and
               Goh, J. and Gurtu, A. and Kim, H. S. and Kim, Y. and Almond, J. and Bhyun, J. H. and Choi, J. and
               Jeon, S. and Kim, J. and Kim, J. S. and Ko, S. and Kwon, H. and Lee, H. and Lee, K. and Lee, S. and
               Nam, K. and Oh, B. H. and Oh, M. and Oh, S. B. and Seo, H. and Yang, U. K. and Yoon, I. and Jeon, D.
               and Kim, J. H. and Ko, B. and Lee, J. S.H. and Park, I. C. and Roh, Y. and Song, D. and Watson, I.
               J. and Yoo, H. D. and Choi, Y. and Hwang, C. and Jeong, Y. and Lee, H. and Lee, Y. and Yu, I. and
               Maghrbi, Y. and Veckalns, V. and Juodagalvis, A. and Rinkevicius, A. and Tamulaitis, G. and
               Vaitkevicius, A. and Wan Abdullah, W. A.T. and Yusli, M. N. and Zolkapli, Z. and Benitez, J. F. and
               Castaneda Hernandez, A. and Murillo Quijada, J. A. and Valencia Palomo, L. and Ayala, G. and
               Castilla-Valdez, H. and De La Cruz-Burelo, E. and Heredia-De La Cruz, I. and Lopez-Fernandez, R. and
               Mondragon Herrera, C. A. and Perez Navarro, D. A. and Sanchez-Hernandez, A. and Carrillo Moreno, S.
               and Oropeza Barrera, C. and Ramirez-Garcia, M. and Vazquez Valencia, F. and Eysermans, J. and
               Pedraza, I. and Salazar Ibarguen, H. A. and Uribe Estrada, C. and Morelos Pineda, A. and Mijuskovic,
               J. and Raicevic, N. and Krofcheck, D. and Bheesette, S. and Butler, P. H. and Ahmad, A. and Asghar,
               M. I. and Awais, A. and Awan, M. I.M. and Hoorani, H. R. and Khan, W. A. and Qazi, S. and Shah, M.
               A. and Shoaib, M. and Avati, V. and Grzanka, L. and Malawski, M. and Bialkowska, H. and Bluj, M. and
               Boimska, B. and Frueboes, T. and G{\'{o}}rski, M. and Kazana, M. and Szleper, M. and Traczyk, P. and
               Zalewski, P. and Bunkowski, K. and Doroba, K. and Kalinowski, A. and Konecki, M. and Krolikowski, J.
               and Walczak, M. and Araujo, M. and Bargassa, P. and Bastos, D. and Boletti, A. and Faccioli, P. and
               Gallinaro, M. and Hollar, J. and Leonardo, N. and Niknejad, T. and Seixas, J. and Shchelina, K. and
               Toldaiev, O. and Varela, J. and Afanasiev, S. and Bunin, P. and Gavrilenko, M. and Golutvin, I. and
               Gorbunov, I. and Kamenev, A. and Karjavine, V. and Lanev, A. and Malakhov, A. and Matveev, V. and
               Mitsyn, V. V. and Palichik, V. and Perelygin, V. and Savina, M. and Shmatov, S. and Shulha, S. and
               Smirnov, V. and Teryaev, O. and Trofimov, V. and Voytishin, N. and Yuldashev, B. S. and Zarubin, A.
               and Gavrilov, G. and Golovtcov, V. and Ivanov, Y. and Kim, V. and Kuznetsova, E. and Murzin, V. and
               Oreshkin, V. and Smirnov, I. and Sosnov, D. and Sulimov, V. and Uvarov, L. and Volkov, S. and
               Vorobyev, A. and Andreev, Yu and Dermenev, A. and Gninenko, S. and Golubev, N. and Karneyeu, A. and
               Kirsanov, M. and Krasnikov, N. and Pashenkov, A. and Pivovarov, G. and Tlisov, D. and Toropin, A.
               and Epshteyn, V. and Gavrilov, V. and Lychkovskaya, N. and Nikitenko, A. and Popov, V. and Safronov,
               G. and Spiridonov, A. and Stepennov, A. and Toms, M. and Vlasov, E. and Zhokin, A. and Aushev, T.
               and Bychkova, O. and Chadeeva, M. and Philippov, D. and Popova, E. and Rusinov, V. and Andreev, V.
               and Azarkin, M. and Dremin, I. and Kirakosyan, M. and Terkulov, A. and Belyaev, A. and Boos, E. and
               Dubinin, M. and Dudko, L. and Ershov, A. and Gribushin, A. and Klyukhin, V. and Kodolova, O. and
               Lokhtin, I. and Obraztsov, S. and Petrushanko, S. and Savrin, V. and Snigirev, A. and Blinov, V. and
               Dimova, T. and Kardapoltsev, L. and Ovtin, I. and Skovpen, Y. and Azhgirey, I. and Bayshev, I. and
               Kachanov, V. and Kalinin, A. and Konstantinov, D. and Petrov, V. and Ryutin, R. and Sobol, A. and
               Troshin, S. and Tyurin, N. and Uzunian, A. and Volkov, A. and Babaev, A. and Iuzhakov, A. and
               Okhotnikov, V. and Sukhikh, L. and Borchsh, V. and Ivanchenko, V. and Tcherniaev, E. and Adzic, P.
               and Dordevic, M. and Milenovic, P. and Milosevic, J. and Aguilar-Benitez, M. and Alcaraz Maestre, J.
               and {\'{A}}lvarez Fern{\'{a}}ndez, A. and Bachiller, I. and Barrio Luna, M. and Bedoya, Cristina F.
               and Carrillo Montoya, C. A. and Cepeda, M. and Cerrada, M. and Colino, N. and De La Cruz, B. and
               Delgado Peris, A. and Fern{\'{a}}ndez Ramos, J. P. and Flix, J. and Fouz, M. C. and Gonzalez Lopez,
               O. and Goy Lopez, S. and Hernandez, J. M. and Josa, M. I. and Le{\'{o}}n Holgado, J. and Moran, D.
               and {Navarro Tobar} and P{\'{e}}rez-Calero Yzquierdo, A. and Puerta Pelayo, J. and Redondo, I. and
               Romero, L. and S{\'{a}}nchez Navas, S. and Soares, M. S. and Urda G{\'{o}}mez, L. and Willmott, C.
               and Albajar, C. and De Troc{\'{o}}niz, J. F. and Reyes-Almanza, R. and Alvarez Gonzalez, B. and
               Cuevas, J. and Erice, C. and Fernandez Menendez, J. and Folgueras, S. and Gonzalez Caballero, I. and
               Palencia Cortezon, E. and Ram{\'{o}}n {\'{A}}lvarez, C. and Ripoll Sau, J. and Rodr{\'{i}}guez
               Bouza, V. and Sanchez Cruz, S. and Trapote, A. and Brochero Cifuentes, J. A. and Cabrillo, I. J. and
               Calderon, A. and Chazin Quero, B. and Duarte Campderros, J. and Fernandez, M. and Fern{\'{a}}ndez
               Manteca, P. J. and Garc{\'{i}}a Alonso, A. and Gomez, G. and Martinez Rivero, C. and Martinez Ruiz
               Del Arbol, P. and Matorras, F. and Piedra Gomez, J. and Prieels, C. and Ricci-Tam, F. and Rodrigo,
               T. and Ruiz-Jimeno, A. and Scodellaro, L. and Vila, I. and Vizan Garcia, J. M. and Jayananda, M. K.
               and Kailasapathy, B. and Sonnadara, D. U.J. and Wickramarathna, D. D.C. and Dharmaratna, W. G.D. and
               Liyanage, K. and Perera, N. and Wickramage, N. and Aarrestad, T. K. and Abbaneo, D. and Auffray, E.
               and Auzinger, G. and Baechler, J. and Baillon, P. and Ball, A. H. and Barney, D. and Bendavid, J.
               and Beni, N. and Bianco, M. and Bocci, A. and Bossini, E. and Brondolin, E. and Camporesi, T. and
               Capeans Garrido, M. and Cerminara, G. and Cristella, L. and D'Enterria, D. and Dabrowski, A. and
               Daci, N. and David, A. and De Roeck, A. and Deile, M. and Di Maria, R. and Dobson, M. and
               D{\"{u}}nser, M. and Dupont, N. and Elliott-Peisert, A. and Emriskova, N. and Fallavollita, F. and
               Fasanella, D. and Fiorendi, S. and Florent, A. and Franzoni, G. and Fulcher, J. and Funk, W. and
               Giani, S. and Gigi, D. and Gill, K. and Glege, F. and Gouskos, L. and Guilbaud, M. and Haranko, M.
               and Hegeman, J. and Iiyama, Y. and Innocente, V. and James, T. and Janot, P. and Kaspar, J. and
               Kieseler, J. and Komm, M. and Kratochwil, N. and Lange, C. and Laurila, S. and Lecoq, P. and Long,
               K. and Louren{\c{c}}o, C. and Malgeri, L. and Mallios, S. and Mannelli, M. and Meijers, F. and
               Mersi, S. and Meschi, E. and Moortgat, F. and Mulders, M. and Orfanelli, S. and Orsini, L. and
               Pantaleo, F. and Pape, L. and Perez, E. and Peruzzi, M. and Petrilli, A. and Petrucciani, G. and
               Pfeiffer, A. and Pierini, M. and Quast, T. and Rabady, D. and Racz, A. and Rieger, M. and Rovere, M.
               and Sakulin, H. and Salfeld-Nebgen, J. and Scarfi, S. and Sch{\"{a}}fer, C. and Schwick, C. and
               Selvaggi, M. and Sharma, A. and Silva, P. and Snoeys, W. and Sphicas, P. and Summers, S. and
               Tavolaro, V. R. and Treille, D. and Tsirou, A. and Van Onsem, G. P. and Verzetti, M. and Wozniak, K.
               A. and Zeuner, W. D. and Caminada, L. and Erdmann, W. and Horisberger, R. and Ingram, Q. and
               Kaestli, H. C. and Kotlinski, D. and Langenegger, U. and Missiroli, M. and Rohe, T. and Backhaus, M.
               and Berger, P. and Calandri, A. and Chernyavskaya, N. and De Cosa, A. and Dissertori, G. and
               Dittmar, M. and Doneg{\`{a}}, M. and Dorfer, C. and Gadek, T. and G{\'{o}}mez Espinosa, T. A. and
               Grab, C. and Hits, D. and Lustermann, W. and Lyon, A. M. and Manzoni, R. A. and Meinhard, M. T. and
               Micheli, F. and Nessi-Tedaldi, F. and Niedziela, J. and Pauss, F. and Perovic, V. and Perrin, G. and
               Pigazzini, S. and Ratti, M. G. and Reichmann, M. and Reissel, C. and Reitenspiess, T. and Ristic, B.
               and Ruini, D. and Sanz Becerra, D. A. and Sch{\"{o}}nenberger, M. and Stampf, V. and Steggemann, J.
               and Wallny, R. and Zhu, D. H. and Amsler, C. and Botta, C. and Brzhechko, D. and Canelli, M. F. and
               Del Burgo, R. and Heikkil{\"{a}}, J. K. and Huwiler, M. and Jofrehei, A. and Kilminster, B. and
               Leontsinis, S. and Macchiolo, A. and Meiring, P. and Mikuni, V. M. and Molinatti, U. and Neutelings,
               I. and Rauco, G. and Reimers, A. and Robmann, P. and Schweiger, K. and Takahashi, Y. and Adloff, C.
               and Cao, P. L.H. and Doan, T. H. and Jheng, H. R. and Kuo, C. M. and Lee, M. Y. and Lin, W. and
               Quilatan, V. L. and Roy, A. and Sarkar, T. and Villamoran, J. A. and Wu, C. H. and Yu, S. S. and
               Ceard, L. and Chang, P. and Chao, Y. and Chen, K. F. and Chen, P. H. and Hou, W. S. and Li, Y. Y.
               and Lu, R. S. and Paganis, E. and Psallidas, A. and Steen, A. and Yazgan, E. and Asavapibhop, B. and
               Asawatangtrakuldee, C. and Srimanobhas, N. and Boran, F. and Damarseckin, S. and Demiroglu, Z. S.
               and Dolek, F. and Dozen, C. and Dumanoglu, I. and Eskut, E. and Gokbulut, G. and Guler, Y. and
               Gurpinar Guler, E. and Hos, I. and Isik, C. and Kangal, E. E. and Kara, O. and Kayis Topaksu, A. and
               Kiminsu, U. and Onengut, G. and Ozdemir, K. and Polatoz, A. and Simsek, A. E. and Tali, B. and Tok,
               U. G. and Turkcapar, S. and Zorbakir, I. S. and Zorbilmez, C. and Isildak, B. and Karapinar, G. and
               Ocalan, K. and Yalvac, M. and Akgun, B. and Atakisi, I. O. and G{\"{u}}lmez, E. and Kaya, M. and
               Kaya, O. and {{\"{O}}z{\c{c}}elik} and Tekten, S. and Yetkin, E. A. and Cakir, A. and Cankocak, K.
               and Komurcu, Y. and Sen, S. and Aydogmus Sen, F. and Cerci, S. and Kaynak, B. and Ozkorucuklu, S.
               and Sunar Cerci, D. and Grynyov, B. and Levchuk, L. and Bhal, E. and Bologna, S. and Brooke, J. J.
               and Clement, E. and Cussans, D. and Flacher, H. and Goldstein, J. and Heath, G. P. and Heath, H. F.
               and Kreczko, L. and Krikler, B. and Paramesvaran, S. and Sakuma, T. and Seif El Nasr-Storey, S. and
               Smith, V. J. and Stylianou, N. and Taylor, J. and Titterton, A. and Bell, K. W. and Belyaev, A. and
               Brew, C. and Brown, R. M. and Cockerill, D. J.A. and Ellis, K. V. and Harder, K. and Harper, S. and
               Linacre, J. and Manolopoulos, K. and Newbold, D. M. and Olaiya, E. and Petyt, D. and Reis, T. and
               Schuh, T. and Shepherd-Themistocleous, C. H. and Thea, A. and Tomalin, I. R. and Williams, T. and
               Bainbridge, R. and Bloch, P. and Bonomally, S. and Borg, J. and Breeze, S. and Buchmuller, O. and
               Bundock, A. and Cepaitis, V. and Chahal, G. S. and Colling, D. and Dauncey, P. and Davies, G. and
               Della Negra, M. and Fedi, G. and Hall, G. and Iles, G. and Langford, J. and Lyons, L. and Magnan, A.
               M. and Malik, S. and Martelli, A. and Milosevic, V. and Nash, J. and Palladino, V. and Pesaresi, M.
               and Raymond, D. M. and Richards, A. and Rose, A. and Scott, E. and Seez, C. and Shtipliyski, A. and
               Stoye, M. and Tapper, A. and Uchida, K. and Virdee, T. and Wardle, N. and Webb, S. N. and
               Winterbottom, D. and Zecchinelli, A. G. and Cole, J. E. and Hobson, P. R. and Khan, A. and Kyberd,
               P. and Mackay, C. K. and Reid, I. D. and Teodorescu, L. and Zahid, S. and Abdullin, S. and
               Brinkerhoff, A. and Call, K. and Caraway, B. and Dittmann, J. and Hatakeyama, K. and Kanuganti, A.
               R. and Madrid, C. and McMaster, B. and Pastika, N. and Sawant, S. and Smith, C. and Wilson, J. and
               Bartek, R. and Dominguez, A. and Uniyal, R. and Vargas Hernandez, A. M. and Buccilli, A. and Charaf,
               O. and Cooper, S. I. and Di Croce, D. and Gleyzer, S. V. and Henderson, C. and Perez, C. U. and
               Rumerio, P. and West, C. and Akpinar, A. and Albert, A. and Arcaro, D. and Cosby, C. and Demiragli,
               Z. and Gastler, D. and Rohlf, J. and Salyer, K. and Sperka, D. and Spitzbart, D. and Suarez, I. and
               Yuan, S. and Zou, D. and Benelli, G. and Burkle, B. and Coubez, X. and Cutts, D. and Duh, Y. T. and
               Hadley, M. and Heintz, U. and Hogan, J. M. and Kwok, K. H.M. and Laird, E. and Landsberg, G. and
               Lau, K. T. and Lee, J. and Narain, M. and Sagir, S. and Syarif, R. and Usai, E. and Wong, W. Y. and
               Yu, D. and Zhang, W. and Band, R. and Brainerd, C. and Breedon, R. and Calderon De La Barca Sanchez,
               M. and Chertok, M. and Conway, J. and Conway, R. and Cox, P. T. and Erbacher, R. and Flores, C. and
               Funk, G. and Jensen, F. and Ko, W. and Kukral, O. and Lander, R. and Mulhearn, M. and Pellett, D.
               and Pilot, J. and Shi, M. and Taylor, D. and Tos, K. and Tripathi, M. and Yao, Y. and Zhang, F. and
               Bachtis, M. and Cousins, R. and Dasgupta, A. and Hamilton, D. and Hauser, J. and Ignatenko, M. and
               Iqbal, M. A. and Lam, T. and McColl, N. and Nash, W. A. and Regnard, S. and Saltzberg, D. and
               Schnaible, C. and Stone, B. and Valuev, V. and Burt, K. and Chen, Y. and Clare, R. and Gary, J. W.
               and Hanson, G. and Karapostoli, G. and Long, O. R. and Manganelli, N. and Olmedo Negrete, M. and Si,
               W. and Wimpenny, S. and Zhang, Y. and Branson, J. G. and Chang, P. and Cittolin, S. and Cooperstein,
               S. and Deelen, N. and Duarte, J. and Gerosa, R. and Gilbert, D. and Krutelyov, V. and Letts, J. and
               Masciovecchio, M. and May, S. and Padhi, S. and Pieri, M. and Sharma, V. and Tadel, M. and Vartak,
               A. and W{\"{u}}rthwein, F. and Yagil, A. and Amin, N. and Campagnari, C. and Citron, M. and Dorsett,
               A. and Dutta, V. and Incandela, J. and Kilpatrick, M. and Marsh, B. and Mei, H. and Ovcharova, A.
               and Qu, H. and Quinnan, M. and Richman, J. and Sarica, U. and Stuart, D. and Wang, S. and Bornheim,
               A. and Cerri, O. and Dutta, I. and Lawhorn, J. M. and Lu, N. and Mao, J. and Newman, H. B. and
               Ngadiuba, J. and Nguyen, T. Q. and Spiropulu, M. and Vlimant, J. R. and Wang, C. and Xie, S. and
               Zhang, Z. and Zhu, R. Y. and Alison, J. and Andrews, M. B. and Ferguson, T. and Mudholkar, T. and
               Paulini, M. and Vorobiev, I. and Cumalat, J. P. and Ford, W. T. and Macdonald, E. and Patel, R. and
               Perloff, A. and Stenson, K. and Ulmer, K. A. and Wagner, S. R. and Alexander, J. and Cheng, Y. and
               Chu, J. and Cranshaw, D. J. and Datta, A. and Frankenthal, A. and McDermott, K. and Monroy, J. and
               Patterson, J. R. and Quach, D. and Ryd, A. and Sun, W. and Tan, S. M. and Tao, Z. and Thom, J. and
               Wittich, P. and Zientek, M. and Albrow, M. and Alyari, M. and Apollinari, G. and Apresyan, A. and
               Apyan, A. and Banerjee, S. and Bauerdick, L. A.T. and Beretvas, A. and Berry, D. and Berryhill, J.
               and Bhat, P. C. and Burkett, K. and Butler, J. N. and Canepa, A. and Cerati, G. B. and Cheung, H.
               W.K. and Chlebana, F. and Cremonesi, M. and Elvira, V. D. and Freeman, J. and Gecse, Z. and Gray, L.
               and Green, D. and Gr{\"{u}}nendahl, S. and Gutsche, O. and Harris, R. M. and Hasegawa, S. and
               Heller, R. and Herwig, T. C. and Hirschauer, J. and Jayatilaka, B. and Jindariani, S. and Johnson,
               M. and Joshi, U. and Klabbers, P. and Klijnsma, T. and Klima, B. and Kortelainen, M. J. and Lammel,
               S. and Lincoln, D. and Lipton, R. and Liu, T. and Lykken, J. and Maeshima, K. and Mason, D. and
               McBride, P. and Merkel, P. and Mrenna, S. and Nahn, S. and O'Dell, V. and Papadimitriou, V. and
               Pedro, K. and Pena, C. and Prokofyev, O. and Ravera, F. and Reinsvold Hall, A. and Ristori, L. and
               Schneider, B. and Sexton-Kennedy, E. and Smith, N. and Soha, A. and Spalding, W. J. and Spiegel, L.
               and Stoynev, S. and Strait, J. and Taylor, L. and Tkaczyk, S. and Tran, N. V. and Uplegger, L. and
               Vaandering, E. W. and Weber, H. A. and Woodard, A. and Acosta, D. and Avery, P. and Bourilkov, D.
               and Cadamuro, L. and Cherepanov, V. and Errico, F. and Field, R. D. and Guerrero, D. and Joshi, B.
               M. and Kim, M. and Konigsberg, J. and Korytov, A. and Lo, K. H. and Matchev, K. and Menendez, N. and
               Mitselmakher, G. and Rosenzweig, D. and Shi, K. and Sturdy, J. and Wang, J. and Zuo, X. and Adams,
               T. and Askew, A. and Diaz, D. and Habibullah, R. and Hagopian, S. and Hagopian, V. and Johnson, K.
               F. and Khurana, R. and Kolberg, T. and Martinez, G. and Prosper, H. and Schiber, C. and Yohay, R.
               and Zhang, J. and Baarmand, M. M. and Butalla, S. and Elkafrawy, T. and Hohlmann, M. and Kumar
               Verma, R. and Noonan, D. and Rahmani, M. and Saunders, M. and Yumiceva, F. and Adams, M. R. and
               Apanasevich, L. and Becerril Gonzalez, H. and Cavanaugh, R. and Chen, X. and Dittmer, S. and
               Evdokimov, O. and Gerber, C. E. and Hangal, D. A. and Hofman, D. J. and Mills, C. and Oh, G. and
               Roy, T. and Tonjes, M. B. and Varelas, N. and Viinikainen, J. and Wang, X. and Wu, Z. and Ye, Z. and
               Alhusseini, M. and Dilsiz, K. and Durgut, S. and Gandrajula, R. P. and Haytmyradov, M. and
               Khristenko, V. and K{\"{o}}seyan, O. K. and Merlo, J. P. and Mestvirishvili, A. and Moeller, A. and
               Nachtman, J. and Ogul, H. and Onel, Y. and Ozok, F. and Penzo, A. and Snyder, C. and Tiras, E. and
               Wetzel, J. and Amram, O. and Blumenfeld, B. and Corcodilos, L. and Eminizer, M. and Gritsan, A. V.
               and Kyriacou, S. and Maksimovic, P. and Mantilla, C. and Roskes, J. and Swartz, M. and V{\'{a}}mi,
               T. and Baldenegro Barrera, C. and Baringer, P. and Bean, A. and Bylinkin, A. and Isidori, T. and
               Khalil, S. and King, J. and Krintiras, G. and Kropivnitskaya, A. and Lindsey, C. and Minafra, N. and
               Murray, M. and Rogan, C. and Royon, C. and Sanders, S. and Schmitz, E. and Tapia Takaki, J. D. and
               Wang, Q. and Williams, J. and Wilson, G. and Duric, S. and Ivanov, A. and Kaadze, K. and Kim, D. and
               Maravin, Y. and Mitchell, T. and Modak, A. and Mohammadi, A. and Rebassoo, F. and Wright, D. and
               Adams, E. and Baden, A. and Baron, O. and Belloni, A. and Eno, S. C. and Feng, Y. and Hadley, N. J.
               and Jabeen, S. and Jeng, G. Y. and Kellogg, R. G. and Koeth, T. and Mignerey, A. C. and Nabili, S.
               and Seidel, M. and Skuja, A. and Tonwar, S. C. and Wang, L. and Wong, K. and Abercrombie, D. and
               Allen, B. and Bi, R. and Brandt, S. and Busza, W. and Cali, I. A. and Chen, Y. and D'Alfonso, M. and
               Gomez Ceballos, G. and Goncharov, M. and Harris, P. and Hsu, D. and Hu, M. and Klute, M. and
               Kovalskyi, D. and Krupa, J. and Lee, Y. J. and Luckey, P. D. and Maier, B. and Marini, A. C. and
               Mironov, C. and Narayanan, S. and Niu, X. and Paus, C. and Rankin, D. and Roland, C. and Roland, G.
               and Shi, Z. and Stephans, G. S.F. and Sumorok, K. and Tatar, K. and Velicanu, D. and Wang, J. and
               Wang, T. W. and Wang, Z. and Wyslouch, B. and Chatterjee, R. M. and Evans, A. and Hansen, P. and
               Hiltbrand, J. and Jain, Sh and Krohn, M. and Kubota, Y. and Lesko, Z. and Mans, J. and Revering, M.
               and Rusack, R. and Saradhy, R. and Schroeder, N. and Strobbe, N. and Wadud, M. A. and Acosta, J. G.
               and Oliveros, S. and Bloom, K. and Chauhan, S. and Claes, D. R. and Fangmeier, C. and Finco, L. and
               Golf, F. and Gonz{\'{a}}lez Fern{\'{a}}ndez, J. R. and Joo, C. and Kravchenko, I. and Siado, J. E.
               and Snow, G. R. and Tabb, W. and Yan, F. and Agarwal, G. and Bandyopadhyay, H. and Hay, L. and
               Iashvili, I. and Kharchilava, A. and McLean, C. and Nguyen, D. and Pekkanen, J. and Rappoccio, S.
               and Alverson, G. and Barberis, E. and Freer, C. and Haddad, Y. and Hortiangtham, A. and Li, J. and
               Madigan, G. and Marzocchi, B. and Morse, D. M. and Nguyen, V. and Orimoto, T. and Parker, A. and
               Skinnari, L. and Tishelman-Charny, A. and Wamorkar, T. and Wang, B. and Wisecarver, A. and Wood, D.
               and Bhattacharya, S. and Bueghly, J. and Chen, Z. and Gilbert, A. and Gunter, T. and Hahn, K. A. and
               Odell, N. and Schmitt, M. H. and Sung, K. and Velasco, M. and Bucci, R. and Dev, N. and Goldouzian,
               R. and Hildreth, M. and Hurtado Anampa, K. and Jessop, C. and Lannon, K. and Loukas, N. and
               Marinelli, N. and McAlister, I. and Meng, F. and Mohrman, K. and Musienko, Y. and Ruchti, R. and
               Siddireddy, P. and Wayne, M. and Wightman, A. and Wolf, M. and Zygala, L. and Alimena, J. and
               Bylsma, B. and Cardwell, B. and Durkin, L. S. and Francis, B. and Hill, C. and Lefeld, A. and Winer,
               B. L. and Yates, B. R. and Bonham, B. and Das, P. and Dezoort, G. and Elmer, P. and Greenberg, B.
               and Haubrich, N. and Higginbotham, S. and Kalogeropoulos, A. and Kopp, G. and Kwan, S. and Lange, D.
               and Lucchini, M. T. and Luo, J. and Marlow, D. and Mei, K. and Ojalvo, I. and Olsen, J. and Palmer,
               C. and Pirou{\'{e}}, P. and Stickland, D. and Tully, C. and Malik, S. and Norberg, S. and Barnes, V.
               E. and Chawla, R. and Das, S. and Gutay, L. and Jones, M. and Jung, A. W. and Liu, M. and Negro, G.
               and Neumeister, N. and Peng, C. C. and Piperov, S. and Purohit, A. and Schulte, J. F. and
               Stojanovic, M. and Trevisani, N. and Wang, F. and Wildridge, A. and Xiao, R. and Xie, W. and Dolen,
               J. and Parashar, N. and Baty, A. and Dildick, S. and Ecklund, K. M. and Freed, S. and Geurts, F.
               J.M. and Kumar, A. and Li, W. and Padley, B. P. and Redjimi, R. and Roberts, J. and Rorie, J. and
               Shi, W. and Stahl Leiton, A. G. and Bodek, A. and De Barbaro, P. and Demina, R. and Dulemba, J. L.
               and Fallon, C. and Ferbel, T. and Galanti, M. and Garcia-Bellido, A. and Hindrichs, O. and
               Khukhunaishvili, A. and Ranken, E. and Taus, R. and Chiarito, B. and Chou, J. P. and Gandrakota, A.
               and Gershtein, Y. and Halkiadakis, E. and Hart, A. and Heindl, M. and Hughes, E. and Kaplan, S. and
               Karacheban, O. and Laflotte, I. and Lath, A. and Montalvo, R. and Nash, K. and Osherson, M. and
               Salur, S. and Schnetzer, S. and Somalwar, S. and Stone, R. and Thayil, S. A. and Thomas, S. and
               Wang, H. and Acharya, H. and Delannoy, A. G. and Spanier, S. and Bouhali, O. and Dalchenko, M. and
               Delgado, A. and Eusebi, R. and Gilmore, J. and Huang, T. and Kamon, T. and Kim, H. and Luo, S. and
               Malhotra, S. and Mueller, R. and Overton, D. and Perni{\`{e}}, L. and Rathjens, D. and Safonov, A.
               and Akchurin, N. and Damgov, J. and Hegde, V. and Kunori, S. and Lamichhane, K. and Lee, S. W. and
               Mengke, T. and Muthumuni, S. and Peltola, T. and Undleeb, S. and Volobouev, I. and Wang, Z. and
               Whitbeck, A. and Appelt, E. and Greene, S. and Gurrola, A. and Janjam, R. and Johns, W. and Maguire,
               C. and Melo, A. and Ni, H. and Padeken, K. and Romeo, F. and Sheldon, P. and Tuo, S. and Velkovska,
               J. and Arenton, M. W. and Cox, B. and Cummings, G. and Hakala, J. and Hirosky, R. and Joyce, M. and
               Ledovskoy, A. and Li, A. and Neu, C. and Tannenwald, B. and Wolfe, E. and Karchin, P. E. and
               Poudyal, N. and Thapa, P. and Black, K. and Bose, T. and Buchanan, J. and Caillol, C. and Dasu, S.
               and De Bruyn, I. and Everaerts, P. and Galloni, C. and He, H. and Herndon, M. and Herv{\'{e}}, A.
               and Hussain, U. and Lanaro, A. and Loeliger, A. and Loveless, R. and Madhusudanan Sreekala, J. and
               Mallampalli, A. and Pinna, D. and Savin, A. and Shang, V. and Sharma, V. and Smith, W. H. and
               Teague, D. and Trembath-Reichert, S.},
  title     = {{Electron and photon reconstruction and identification with the CMS experiment at the CERN LHC}},
  month     = {5},
  issn      = {1748-0221},
  keywords  = {Large detector systems for particle and astroparticle physics, Particle identification methods},
  journal   = {Journal of Instrumentation},
  volume    = {16},
  number    = {05},
  year      = {2021},
  pages     = {P05014},
  doi       = {10.1088/1748-0221/16/05/P05014},
  publisher = {IOP Publishing},
  url       = {https://iopscience.iop.org/article/10.1088/1748-0221/16/05/P05014 https://iopscience.iop.org/article/10.1088/1748-0221/16/05/P05014/meta}
}

