@article{Bierlich2022A8.3,
  author    = {Bierlich, Christian and Chakraborty, Smita and Desai, Nishita and Gellersen,
               Leif and Helenius, Ilkka and Ilten, Philip and L{\"{o}}nnblad, Leif and Mrenna,
               Stephen and Prestel, Stefan and Preuss, Christian Tobias and Sj{\"{o}}strand,
               Torbjörn and Skands, Peter and Utheim, Marius and Verheyen, Rob},
  title     = {{A comprehensive guide to the physics and usage of PYTHIA 8.3}},
  month     = {11},
  arxivid   = {2203.11601},
  journal   = {SciPost Physics Codebases},
  volume    = {8},
  year      = {2022},
  pages     = {008},
  doi       = {10.21468/SCIPOSTPHYSCODEB.8/PDF},
  publisher = {Stichting SciPost},
  url       = {https://www.pythia.org/}
}

@misc{2021B-tagging2018.,
  title    = {{B-tagging performance of the CMS Legacy dataset 2018.}},
  month    = {3},
  keywords = {Machine Learning, Physics Performance and Dataset, Physics Reconstruction {\&} Selection},
  year     = {2021},
  url      = {https://cds.cern.ch/record/2759970}
}

@article{Coadou2022BoostedTrees,
  author    = {Coadou, Yann},
  title     = {{Boosted decision trees}},
  month     = {6},
  arxivid   = {2206.09645v1},
  journal   = {Artificial Intelligence for High Energy Physics},
  year      = {2022},
  pages     = {9--58},
  doi       = {10.1142/9789811234033_0002},
  publisher = {WORLD SCIENTIFIC},
  url       = {http://arxiv.org/abs/2206.09645 http://dx.doi.org/10.1142/9789811234033_0002}
}

@misc{2018ElectronConference,
  title    = {{Electron and Photon performance in CMS with the full 2017 data
               sample and additional 2016 highlights for the CALOR 2018 Conference}},
  month    = {5},
  keywords = {Physics},
  year     = {2018},
  url      = {https://cds.cern.ch/record/2320638}
}

@article{Sirunyan2020ExtractionMeasurements,
  author    = {Sirunyan, A. M. and Tumasyan, A. and Adam, W. and Ambrogi, F. and Asilar, E. and Bergauer, T. and
               Brandstetter, J. and Dragicevic, M. and Er{\"{o}}, J. and Del Valle, A. Escalante and Flechl, M. and
               Fr{\"{u}}hwirth, R. and Ghete, V. M. and Hrubec, J. and Jeitler, M. and Krammer, N. and
               Kr{\"{a}}tschmer, I. and Liko, D. and Madlener, T. and Mikulec, I. and Rad, N. and Rohringer, H. and
               Schieck, J. and Sch{\"{o}}fbeck, R. and Spanring, M. and Spitzbart, D. and Waltenberger, W. and
               Wittmann, J. and Wulz, C. E. and Zarucki, M. and Chekhovsky, V. and Mossolov, V. and Gonzalez, J.
               Suarez and De Wolf, E. A. and Di Croce, D. and Janssen, X. and Lauwers, J. and Pieters, M. and Van
               Haevermaet, H. and Van Mechelen, P. and Van Remortel, N. and Zeid, S. Abu and Blekman, F. and
               D’Hondt, J. and De Clercq, J. and Deroover, K. and Flouris, G. and Lontkovskyi, D. and Lowette, S.
               and Marchesini, I. and Moortgat, S. and Moreels, L. and Python, Q. and Skovpen, K. and Tavernier, S.
               and Van Doninck, W. and Van Mulders, P. and Van Parijs, I. and Beghin, D. and Bilin, B. and Brun, H.
               and Clerbaux, B. and De Lentdecker, G. and Delannoy, H. and Dorney, B. and Fasanella, G. and Favart,
               L. and Goldouzian, R. and Grebenyuk, A. and Kalsi, A. K. and Lenzi, T. and Luetic, J. and Postiau,
               N. and Starling, E. and Thomas, L. and Velde, C. Vander and Vanlaer, P. and Vannerom, D. and Wang,
               Q. and Cornelis, T. and Dobur, D. and Fagot, A. and Gul, M. and Khvastunov, I. and Poyraz, D. and
               Roskas, C. and Trocino, D. and Tytgat, M. and Verbeke, W. and Vermassen, B. and Vit, M. and
               Zaganidis, N. and Bakhshiansohi, H. and Bondu, O. and Brochet, S. and Bruno, G. and Caputo, C. and
               David, P. and Delaere, C. and Delcourt, M. and Giammanco, A. and Krintiras, G. and Lemaitre, V. and
               Magitteri, A. and Piotrzkowski, K. and Saggio, A. and Marono, M. Vidal and Vischia, P. and Wertz, S.
               and Zobec, J. and Alves, F. L. and Alves, G. A. and Junior, M. Correa Martins and Silva, G. Correia
               and Hensel, C. and Moraes, A. and Pol, M. E. and Teles, P. Rebello and Chagas, E. Belchior Batista
               Das and Carvalho, W. and Chinellato, J. and Coelho, E. and Da Costa, E. M. and Da Silveira, G. G.
               and Damiao, D. De Jesus and Martins, C. De Oliveira and De Souza, S. Fonseca and Malbouisson, H. and
               Figueiredo, D. Matos and De Almeida, M. Melo and Herrera, C. Mora and Mundim, L. and Nogima, H. and
               Da Silva, W. L.Prado and Rosas, L. J.Sanchez and Santoro, A. and Sznajder, A. and Thiel, M. and
               Manganote, E. J.Tonelli and De Araujo, F. Torres Da Silva and Pereira, A. Vilela and Ahuja, S. and
               Bernardes, C. A. and Calligaris, L. and Tomei, T. R.Fernandez Perez and Gregores, E. M. and
               Mercadante, P. G. and Novaes, S. F. and Padula, Sandra S. and Aleksandrov, A. and Hadjiiska, R. and
               Iaydjiev, P. and Marinov, A. and Misheva, M. and Rodozov, M. and Shopova, M. and Sultanov, G. and
               Dimitrov, A. and Litov, L. and Pavlov, B. and Petkov, P. and Fang, W. and Gao, X. and Yuan, L. and
               Ahmad, M. and Bian, J. G. and Chen, G. M. and Chen, H. S. and Chen, M. and Chen, Y. and Jiang, C. H.
               and Leggat, D. and Liao, H. and Liu, Z. and Shaheen, S. M. and Spiezia, A. and Tao, J. and Wang, Z.
               and Yazgan, E. and Zhang, H. and Zhang, S. and Zhao, J. and Ban, Y. and Chen, G. and Levin, A. and
               Li, J. and Li, L. and Li, Q. and Mao, Y. and Qian, S. J. and Wang, D. and Wang, Y. and Avila, C. and
               Cabrera, A. and Montoya, C. A.Carrillo and Sierra, L. F.Chaparro and Florez, C. and Hern{\'{a}}ndez,
               C. F.González and Delgado, M. A.Segura and Courbon, B. and Godinovic, N. and Lelas, D. and Puljak,
               I. and Sculac, T. and Antunovic, Z. and Kovac, M. and Brigljevic, V. and Ferencek, D. and Kadija, K.
               and Mesic, B. and Roguljic, M. and Starodumov, A. and Susa, T. and Ather, M. W. and Attikis, A. and
               Kolosova, M. and Mavromanolakis, G. and Mousa, J. and Nicolaou, C. and Ptochos, F. and Razis, P. A.
               and Rykaczewski, H. and Finger, M. and Finger, M. and Ayala, E. and Jarrin, E. Carrera and Mahrous,
               A. and Mohammed, Y. and Salama, E. and Bhowmik, S. and De Oliveira, A. Carvalho Antunes and
               Dewanjee, R. K. and Ehataht, K. and Kadastik, M. and Raidal, M. and Veelken, C. and Eerola, P. and
               Kirschenmann, H. and Pekkanen, J. and Voutilainen, M. and Havukainen, J. and Heikkil{\"{a}}, J. K.
               and J{\"{a}}rvinen, T. and Karim{\"{a}}ki, V. and Kinnunen, R. and Lamp{\'{e}}n, T. and
               Lassila-Perini, K. and Laurila, S. and Lehti, S. and Lind{\'{e}}n, T. and Luukka, P. and
               M{\"{a}}enp{\"{a}}{\"{a}}, T. and Siikonen, H. and Tuominen, E. and Tuominiemi, J. and Tuuva, T. and
               Besancon, M. and Couderc, F. and Dejardin, M. and Denegri, D. and Faure, J. L. and Ferri, F. and
               Ganjour, S. and Givernaud, A. and Gras, P. and de Monchenault, G. Hamel and Jarry, P. and Leloup, C.
               and Locci, E. and Malcles, J. and Negro, G. and Rander, J. and Rosowsky, A. and Sahin, M. and Titov,
               M. and Abdulsalam, A. and Amendola, C. and Antropov, I. and Beaudette, F. and Busson, P. and
               Charlot, C. and de Cassagnac, R. Granier and Kucher, I. and Lobanov, A. and Blanco, J. Martin and
               Perez, C. Martin and Nguyen, M. and Ochando, C. and Ortona, G. and Paganini, P. and Rembser, J. and
               Salerno, R. and Sauvan, J. B. and Sirois, Y. and Leiton, A. G.Stahl and Zabi, A. and Zghiche, A. and
               Agram, J. L. and Andrea, J. and Bloch, D. and Brom, J. M. and Chabert, E. C. and Cherepanov, V. and
               Collard, C. and Conte, E. and Fontaine, J. C. and Gel{\'{e}}, D. and Goerlach, U. and Jansov{\'{a}},
               M. and Bihan, A. C.Le and Tonon, N. and Van Hove, P. and Gadrat, S. and Beauceron, S. and Bernet, C.
               and Boudoul, G. and Chanon, N. and Chierici, R. and Contardo, D. and Depasse, P. and Mamouni, H. El
               and Fay, J. and Finco, L. and Gascon, S. and Gouzevitch, M. and Grenier, G. and Ille, B. and
               Lagarde, F. and Laktineh, I. B. and Lattaud, H. and Lethuillier, M. and Mirabito, L. and Perries, S.
               and Popov, A. and Sordini, V. and Touquet, G. and Donckt, M. Vander and Viret, S. and Toriashvili,
               T. and Tsamalaidze, Z. and Autermann, C. and Feld, L. and Kiesel, M. K. and Klein, K. and Lipinski,
               M. and Preuten, M. and Rauch, M. P. and Schomakers, C. and Schulz, J. and Teroerde, M. and Wittmer,
               B. and Albert, A. and Duchardt, D. and Erdmann, M. and Erdweg, S. and Esch, T. and Fischer, R. and
               Ghosh, S. and G{\"{u}}th, A. and Hebbeker, T. and Heidemann, C. and Hoepfner, K. and Keller, H. and
               Mastrolorenzo, L. and Merschmeyer, M. and Meyer, A. and Millet, P. and Mukherjee, S. and Pook, T.
               and Radziej, M. and Reithler, H. and Rieger, M. and Schmidt, A. and Teyssier, D. and Th{\"{u}}er, S.
               and Fl{\"{u}}gge, G. and Hlushchenko, O. and Kress, T. and M{\"{u}}ller, T. and Nehrkorn, A. and
               Nowack, A. and Pistone, C. and Pooth, O. and Roy, D. and Sert, H. and Stahl, A. and Martin, M.
               Aldaya and Arndt, T. and Asawatangtrakuldee, C. and Babounikau, I. and Beernaert, K. and Behnke, O.
               and Behrens, U. and Mart{\'{i}}nez, A. Bermúdez and Bertsche, D. and Anuar, A. A.Bin and Borras, K.
               and Botta, V. and Campbell, A. and Connor, P. and Contreras-Campana, C. and Danilov, V. and De Wit,
               A. and Defranchis, M. M. and Pardos, C. Diez and Damiani, D. Domínguez and Eckerlin, G. and
               Eichhorn, T. and Elwood, A. and Eren, E. and Gallo, E. and Geiser, A. and Luyando, J. M.Grados and
               Grohsjean, A. and Guthoff, M. and Haranko, M. and Harb, A. and Jung, H. and Kasemann, M. and
               Keaveney, J. and Kleinwort, C. and Knolle, J. and Kr{\"{u}}cker, D. and Lange, W. and Lelek, A. and
               Lenz, T. and Leonard, J. and Lipka, K. and Lohmann, W. and Mankel, R. and Melzer-Pellmann, I. A. and
               Meyer, A. B. and Meyer, M. and Missiroli, M. and Mnich, J. and Myronenko, V. and Pflitsch, S. K. and
               Pitzl, D. and Raspereza, A. and Saxena, P. and Sch{\"{u}}tze, P. and Schwanenberger, C. and
               Shevchenko, R. and Singh, A. and Tholen, H. and Turkot, O. and Vagnerini, A. and Van De Klundert, M.
               and Van Onsem, G. P. and Walsh, R. and Wen, Y. and Wichmann, K. and Wissing, C. and Zenaiev, O. and
               Aggleton, R. and Bein, S. and Benato, L. and Benecke, A. and Blobel, V. and Dreyer, T. and Ebrahimi,
               A. and Garutti, E. and Gonzalez, D. and Gunnellini, P. and Haller, J. and Hinzmann, A. and
               Karavdina, A. and Kasieczka, G. and Klanner, R. and Kogler, R. and Kovalchuk, N. and Kurz, S. and
               Kutzner, V. and Lange, J. and Marconi, D. and Multhaup, J. and Niedziela, M. and Niemeyer, C. E.N.
               and Nowatschin, D. and Perieanu, A. and Reimers, A. and Rieger, O. and Scharf, C. and Schleper, P.
               and Schumann, S. and Schwandt, J. and Sonneveld, J. and Stadie, H. and Steinbr{\"{u}}ck, G. and
               Stober, F. M. and St{\"{o}}ver, M. and Vormwald, B. and Zoi, I. and Akbiyik, M. and Barth, C. and
               Baselga, M. and Baur, S. and Butz, E. and Caspart, R. and Chwalek, T. and Colombo, F. and De Boer,
               W. and Dierlamm, A. and El Morabit, K. and Faltermann, N. and Freund, B. and Giffels, M. and
               Harrendorf, M. A. and Hartmann, F. and Heindl, S. M. and Husemann, U. and Katkov, I. and Kudella, S.
               and Mitra, S. and Mozer, M. U. and M{\"{u}}ller, Th and Musich, M. and Plagge, M. and Quast, G. and
               Rabbertz, K. and Schr{\"{o}}der, M. and Shvetsov, I. and Simonis, H. J. and Ulrich, R. and Wayand,
               S. and Weber, M. and Weiler, T. and W{\"{o}}hrmann, C. and Wolf, R. and Anagnostou, G. and
               Daskalakis, G. and Geralis, T. and Kyriakis, A. and Loukas, D. and Paspalaki, G. and Agapitos, A.
               and Karathanasis, G. and Kontaxakis, P. and Panagiotou, A. and Papavergou, I. and Saoulidou, N. and
               Tziaferi, E. and Vellidis, K. and Kousouris, K. and Papakrivopoulos, I. and Tsipolitis, G. and
               Evangelou, I. and Foudas, C. and Gianneios, P. and Katsoulis, P. and Kokkas, P. and Mallios, S. and
               Manthos, N. and Papadopoulos, I. and Paradas, E. and Strologas, J. and Triantis, F. A. and
               Tsitsonis, D. and Bart{\'{o}}k, M. and Csanad, M. and Filipovic, N. and Major, P. and Nagy, M. I.
               and Pasztor, G. and Sur{\'{a}}nyi, O. and Veres, G. I. and Bencze, G. and Hajdu, C. and Horvath, D.
               and {Hunyadi} and Sikler, F. and V{\'{a}}mi, T. and Veszpremi, V. and Vesztergombi, G. and Beni, N.
               and Czellar, S. and Karancsi, J. and Makovec, A. and Molnar, J. and Szillasi, Z. and Raics, P. and
               Trocsanyi, Z. L. and Ujvari, B. and Choudhury, S. and Komaragiri, J. R. and Tiwari, P. C. and
               Bahinipati, S. and Kar, C. and Mal, P. and Mandal, K. and Nayak, A. and Roy Chowdhury, S. and Sahoo,
               D. K. and Swain, S. K. and Bansal, S. and Beri, S. B. and Bhatnagar, V. and Chauhan, S. and Chawla,
               R. and Dhingra, N. and Gill, S. K. and Gupta, R. and Kaur, A. and Kaur, M. and Kumari, P. and Lohan,
               M. and Meena, M. and Mehta, A. and Sandeep, K. and Sharma, S. and Singh, J. B. and Virdi, A. K. and
               Walia, G. and Bhardwaj, A. and Choudhary, B. C. and Garg, R. B. and Gola, M. and Keshri, S. and
               Kumar, Ashok and Malhotra, S. and Naimuddin, M. and Priyanka, P. and Ranjan, K. and Shah, Aashaq and
               Sharma, R. and Bhardwaj, R. and Bharti, M. and Bhattacharya, R. and Bhattacharya, S. and Bhawandeep,
               U. and Bhowmik, D. and Dey, S. and Dutt, S. and Dutta, S. and Ghosh, S. and Mondal, K. and Nandan,
               S. and Purohit, A. and Rout, P. K. and Roy, A. and Saha, G. and Sarkar, S. and Sharan, M. and Singh,
               B. and Thakur, S. and Behera, P. K. and Muhammad, A. and Chudasama, R. and Dutta, D. and Jha, V. and
               Kumar, V. and Mishra, D. K. and Netrakanti, P. K. and Pant, L. M. and Shukla, P. and Suggisetti, P.
               and Aziz, T. and Bhat, M. A. and Dugad, S. and Mohanty, G. B. and Sur, N. and Verma, Ravindra Kumar
               and Banerjee, S. and Bhattacharya, S. and Chatterjee, S. and Das, P. and Guchait, M. and Jain, Sa
               and Karmakar, S. and Kumar, S. and Maity, M. and Majumder, G. and Mazumdar, K. and Sahoo, N. and
               Sarkar, T. and Chauhan, S. and Dube, S. and Hegde, V. and Kapoor, A. and Kothekar, K. and Pandey, S.
               and Rane, A. and Rastogi, A. and Sharma, S. and Chenarani, S. and Tadavani, E. Eskandari and
               Etesami, S. M. and Khakzad, M. and Najafabadi, M. Mohammadi and Naseri, M. and Hosseinabadi, F.
               Rezaei and Safarzadeh, B. and Zeinali, M. and Felcini, M. and Grunewald, M. and Abbrescia, M. and
               Calabria, C. and Colaleo, A. and Creanza, D. and Cristella, L. and De Filippis, N. and De Palma, M.
               and Di Florio, A. and Errico, F. and Fiore, L. and Gelmi, A. and Iaselli, G. and Ince, M. and Lezki,
               S. and Maggi, G. and Maggi, M. and Miniello, G. and My, S. and Nuzzo, S. and Pompili, A. and
               Pugliese, G. and Radogna, R. and Ranieri, A. and Selvaggi, G. and Sharma, A. and Silvestris, L. and
               Venditti, R. and Verwilligen, P. and Abbiendi, G. and Battilana, C. and Bonacorsi, D. and Borgonovi,
               L. and Braibant-Giacomelli, S. and Campanini, R. and Capiluppi, P. and Castro, A. and Cavallo, F. R.
               and Chhibra, S. S. and Codispoti, G. and Cuffiani, M. and Dallavalle, G. M. and Fabbri, F. and
               Fanfani, A. and Fontanesi, E. and Giacomelli, P. and Grandi, C. and Guiducci, L. and Iemmi, F. and
               Lo Meo, S. and Marcellini, S. and Masetti, G. and Montanari, A. and Navarria, F. L. and Perrotta, A.
               and Primavera, F. and Rossi, A. M. and Rovelli, T. and Siroli, G. P. and Tosi, N. and Albergo, S.
               and Di Mattia, A. and Potenza, R. and Tricomi, A. and Tuve, C. and Barbagli, G. and Chatterjee, K.
               and Ciulli, V. and Civinini, C. and D’Alessandro, R. and Focardi, E. and Latino, G. and Lenzi, P.
               and Meschini, M. and Paoletti, S. and Russo, L. and Sguazzoni, G. and Strom, D. and Viliani, L. and
               Benussi, L. and Bianco, S. and Fabbri, F. and Piccolo, D. and Ferro, F. and Mulargia, R. and
               Robutti, E. and Tosi, S. and Benaglia, A. and Beschi, A. and Brivio, F. and Ciriolo, V. and Di
               Guida, S. and Dinardo, M. E. and Fiorendi, S. and Gennai, S. and Ghezzi, A. and Govoni, P. and
               Malberti, M. and Malvezzi, S. and Menasce, D. and Monti, F. and Moroni, L. and Paganoni, M. and
               Pedrini, D. and Ragazzi, S. and de Fatis, T. Tabarelli and Zuolo, D. and Buontempo, S. and Cavallo,
               N. and De Iorio, A. and Di Crescenzo, A. and Fabozzi, F. and Fienga, F. and Galati, G. and Iorio, A.
               O.M. and Lista, L. and Meola, S. and Paolucci, P. and Sciacca, C. and Voevodina, E. and Azzi, P. and
               Bacchetta, N. and Bisello, D. and Boletti, A. and Bragagnolo, A. and Carlin, R. and Checchia, P. and
               Dall’Osso, M. and Manzano, P. De Castro and Dorigo, T. and Dosselli, U. and Gasparini, F. and
               Gasparini, U. and Gozzelino, A. and Hoh, S. Y. and Lacaprara, S. and Lujan, P. and Margoni, M. and
               Meneguzzo, A. T. and Pazzini, J. and Presilla, M. and Ronchese, P. and Rossin, R. and Simonetto, F.
               and Tiko, A. and Torassa, E. and Tosi, M. and Zanetti, M. and Zotto, P. and Zumerle, G. and
               Braghieri, A. and Magnani, A. and Montagna, P. and Ratti, S. P. and Re, V. and Ressegotti, M. and
               Riccardi, C. and Salvini, P. and Vai, I. and Vitulo, P. and Biasini, M. and Bilei, G. M. and Cecchi,
               C. and Ciangottini, D. and Fan{\`{o}}, L. and Lariccia, P. and Leonardi, R. and Manoni, E. and
               Mantovani, G. and Mariani, V. and Menichelli, M. and Rossi, A. and Santocchia, A. and Spiga, D. and
               Androsov, K. and Azzurri, P. and Bagliesi, G. and Bianchini, L. and Boccali, T. and Borrello, L. and
               Castaldi, R. and Ciocci, M. A. and Dell’Orso, R. and Fedi, G. and Fiori, F. and Giannini, L. and
               Giassi, A. and Grippo, M. T. and Ligabue, F. and Manca, E. and Mandorli, G. and Messineo, A. and
               Palla, F. and Rizzi, A. and Rolandi, G. and Spagnolo, P. and Tenchini, R. and Tonelli, G. and
               Venturi, A. and Verdini, P. G. and Barone, L. and Cavallari, F. and Cipriani, M. and Del Re, D. and
               Di Marco, E. and Diemoz, M. and Gelli, S. and Longo, E. and Marzocchi, B. and Meridiani, P. and
               Organtini, G. and Pandolfi, F. and Paramatti, R. and Preiato, F. and Rahatlou, S. and Rovelli, C.
               and Santanastasio, F. and Amapane, N. and Arcidiacono, R. and Argiro, S. and Arneodo, M. and
               Bartosik, N. and Bellan, R. and Biino, C. and Cappati, A. and Cartiglia, N. and Cenna, F. and
               Cometti, S. and Costa, M. and Covarelli, R. and Demaria, N. and Kiani, B. and Mariotti, C. and
               Maselli, S. and Migliore, E. and Monaco, V. and Monteil, E. and Monteno, M. and Obertino, M. M. and
               Pacher, L. and Pastrone, N. and Pelliccioni, M. and Angioni, G. L.Pinna and Romero, A. and Ruspa, M.
               and Sacchi, R. and Salvatico, R. and Shchelina, K. and Sola, V. and Solano, A. and Soldi, D. and
               Staiano, A. and Belforte, S. and Candelise, V. and Casarsa, M. and Cossutti, F. and Da Rold, A. and
               Della Ricca, G. and Vazzoler, F. and Zanetti, A. and Kim, D. H. and Kim, G. N. and Kim, M. S. and
               Lee, J. and Lee, S. and Lee, S. W. and Moon, C. S. and Oh, Y. D. and Pak, S. I. and Sekmen, S. and
               Son, D. C. and Yang, Y. C. and Kim, H. and Moon, D. H. and Oh, G. and Francois, B. and Goh, J. and
               Kim, T. J. and Cho, S. and Choi, S. and Go, Y. and Gyun, D. and Ha, S. and Hong, B. and Jo, Y. and
               Lee, K. and Lee, K. S. and Lee, S. and Lim, J. and Park, S. K. and Roh, Y. and Kim, H. S. and
               Almond, J. and Kim, J. and Kim, J. S. and Lee, H. and Lee, K. and Nam, K. and Oh, S. B. and
               Radburn-Smith, B. C. and Seo, Sh and Yang, U. K. and Yoo, H. D. and Yu, G. B. and Jeon, D. and Kim,
               H. and Kim, J. H. and Lee, J. S.H. and Park, I. C. and Choi, Y. and Hwang, C. and Lee, J. and Yu, I.
               and Dudenas, V. and Juodagalvis, A. and Vaitkus, J. and Ibrahim, Z. A. and Ali, M. A.B.Md and Idris,
               F. Mohamad and Abdullah, W. A.T.Wan and Yusli, M. N. and Zolkapli, Z. and Benitez, J. F. and
               Hernandez, A. Castaneda and Quijada, J. A.Murillo and Castilla-Valdez, H. and Cruz-Burelo, E. De La
               and Duran-Osuna, M. C. and La Cruz, I. Heredia De and Lopez-Fernandez, R. and Guisao, J. Mejia and
               Rabadan-Trejo, R. I. and Ramirez-Garcia, M. and Ramirez-Sanchez, G. and Reyes-Almanza, R. and
               Sanchez-Hernandez, A. and Moreno, S. Carrillo and Barrera, C. Oropeza and Valencia, F. Vazquez and
               Eysermans, J. and Pedraza, I. and Ibarguen, H. A.Salazar and Estrada, C. Uribe and Pineda, A.
               Morelos and Krofcheck, D. and Bheesette, S. and Butler, P. H. and Ahmad, A. and Ahmad, M. and
               Asghar, M. I. and Hassan, Q. and Hoorani, H. R. and Khan, W. A. and Saddique, A. and Shah, M. A. and
               Shoaib, M. and Waqas, M. and Bialkowska, H. and Bluj, M. and Boimska, B. and Frueboes, T. and
               G{\'{o}}rski, M. and Kazana, M. and Szleper, M. and Traczyk, P. and Zalewski, P. and Bunkowski, K.
               and Byszuk, A. and Doroba, K. and Kalinowski, A. and Konecki, M. and Krolikowski, J. and Misiura, M.
               and Olszewski, M. and Pyskir, A. and Walczak, M. and Araujo, M. and Bargassa, P. and Silva, C.
               Beirão Da Cruz E. and Di Francesco, A. and Faccioli, P. and Galinhas, B. and Gallinaro, M. and
               Hollar, J. and Leonardo, N. and Seixas, J. and Strong, G. and Toldaiev, O. and Varela, J. and
               Afanasiev, S. and Bunin, P. and Gavrilenko, M. and Golutvin, I. and Gorbunov, I. and Kamenev, A. and
               Karjavine, V. and Lanev, A. and Malakhov, A. and Matveev, V. and Moisenz, P. and Palichik, V. and
               Perelygin, V. and Shmatov, S. and Shulha, S. and Skatchkov, N. and Smirnov, V. and Voytishin, N. and
               Zarubin, A. and Golovtsov, V. and Ivanov, Y. and Kim, V. and Kuznetsova, E. and Levchenko, P. and
               Murzin, V. and Oreshkin, V. and Smirnov, I. and Sosnov, D. and Sulimov, V. and Uvarov, L. and
               Vavilov, S. and Vorobyev, A. and Andreev, Yu and Dermenev, A. and Gninenko, S. and Golubev, N. and
               Karneyeu, A. and Kirsanov, M. and Krasnikov, N. and Pashenkov, A. and Shabanov, A. and Tlisov, D.
               and Toropin, A. and Epshteyn, V. and Gavrilov, V. and Lychkovskaya, N. and Popov, V. and Pozdnyakov,
               I. and Safronov, G. and Spiridonov, A. and Stepennov, A. and Stolin, V. and Toms, M. and Vlasov, E.
               and Zhokin, A. and Aushev, T. and Chistov, R. and Danilov, M. and Polikarpov, S. and Tarkovskii, E.
               and Andreev, V. and Azarkin, M. and Dremin, I. and Kirakosyan, M. and Terkulov, A. and Baskakov, A.
               and Belyaev, A. and Boos, E. and Dubinin, M. and Dudko, L. and Ershov, A. and Gribushin, A. and
               Klyukhin, V. and Kodolova, O. and Lokhtin, I. and Miagkov, I. and Obraztsov, S. and Petrushanko, S.
               and Savrin, V. and Snigirev, A. and Barnyakov, A. and Blinov, V. and Dimova, T. and Kardapoltsev, L.
               and Skovpen, Y. and Azhgirey, I. and Bayshev, I. and Bitioukov, S. and Kachanov, V. and Kalinin, A.
               and Konstantinov, D. and Mandrik, P. and Petrov, V. and Ryutin, R. and Slabospitskii, S. and Sobol,
               A. and Troshin, S. and Tyurin, N. and Uzunian, A. and Volkov, A. and Babaev, A. and Baidali, S. and
               Okhotnikov, V. and Adzic, P. and Cirkovic, P. and Devetak, D. and Dordevic, M. and Milosevic, J. and
               Maestre, J. Alcaraz and Fern{\'{a}}ndez, A. Álvarez and Bachiller, I. and Luna, M. Barrio and
               Cifuentes, J. A.Brochero and Cerrada, M. and Colino, N. and Cruz, B. De La and Peris, A. Delgado and
               Bedoya, C. Fernandez and Ramos, J. P.Fernández and Flix, J. and Fouz, M. C. and Lopez, O. Gonzalez
               and Lopez, S. Goy and Hernandez, J. M. and Josa, M. I. and Moran, D. and Yzquierdo, A. Pérez Calero
               and Pelayo, J. Puerta and Redondo, I. and Romero, L. and Navas, S. Sánchez and Soares, M. S. and
               Triossi, A. and Albajar, C. and de Troc{\'{o}}niz, J. F. and Cuevas, J. and Erice, C. and Menendez,
               J. Fernandez and Folgueras, S. and Caballero, I. Gonzalez and Fern{\'{a}}ndez, J. R.González and
               Cortezon, E. Palencia and Bouza, V. Rodríguez and Cruz, S. Sanchez and Garcia, J. M.Vizan and
               Cabrillo, I. J. and Calderon, A. and Quero, B. Chazin and Campderros, J. Duarte and Fernandez, M.
               and Manteca, P. J.Fernández and Alonso, A. García and Garcia-Ferrero, J. and Gomez, G. and Virto, A.
               Lopez and Marco, J. and Rivero, C. Martinez and del Arbol, P. Martinez Ruiz and Matorras, F. and
               Gomez, J. Piedra and Prieels, C. and Rodrigo, T. and Ruiz-Jimeno, A. and Scodellaro, L. and
               Trevisani, N. and Vila, I. and Cortabitarte, R. Vilar and Wickramage, N. and Abbaneo, D. and Akgun,
               B. and Auffray, E. and Auzinger, G. and Baillon, P. and Ball, A. H. and Barney, D. and Bendavid, J.
               and Bianco, M. and Bocci, A. and Botta, C. and Brondolin, E. and Camporesi, T. and Cepeda, M. and
               Cerminara, G. and Chapon, E. and Chen, Y. and Cucciati, G. and d’Enterria, D. and Dabrowski, A. and
               Daci, N. and Daponte, V. and David, A. and De Roeck, A. and Deelen, N. and Dobson, M. and
               D{\"{u}}nser, M. and Dupont, N. and Elliott-Peisert, A. and Everaerts, P. and Fallavollita, F. and
               Fasanella, D. and Franzoni, G. and Fulcher, J. and Funk, W. and Gigi, D. and Gilbert, A. and Gill,
               K. and Glege, F. and Gruchala, M. and Guilbaud, M. and Gulhan, D. and Hegeman, J. and Heidegger, C.
               and Innocente, V. and Jafari, A. and Janot, P. and Karacheban, O. and Kieseler, J. and Kornmayer, A.
               and Krammer, M. and Lange, C. and Lecoq, P. and Louren{\c{c}}o, C. and Malgeri, L. and Mannelli, M.
               and Massironi, A. and Meijers, F. and Merlin, J. A. and Mersi, S. and Meschi, E. and Milenovic, P.
               and Moortgat, F. and Mulders, M. and Ngadiuba, J. and Nourbakhsh, S. and Orfanelli, S. and Orsini,
               L. and Pantaleo, F. and Pape, L. and Perez, E. and Peruzzi, M. and Petrilli, A. and Petrucciani, G.
               and Pfeiffer, A. and Pierini, M. and Pitters, F. M. and Rabady, D. and Racz, A. and Reis, T. and
               Rovere, M. and Sakulin, H. and Sch{\"{a}}fer, C. and Schwick, C. and Selvaggi, M. and Sharma, A. and
               Silva, P. and Sphicas, P. and Stakia, A. and Steggemann, J. and Treille, D. and Tsirou, A. and
               Vartak, A. and Veckalns, V. and Verzetti, M. and Zeuner, W. D. and Caminada, L. and Deiters, K. and
               Erdmann, W. and Horisberger, R. and Ingram, Q. and Kaestli, H. C. and Kotlinski, D. and Langenegger,
               U. and Rohe, T. and Wiederkehr, S. A. and Backhaus, M. and B{\"{a}}ni, L. and Berger, P. and
               Chernyavskaya, N. and Dissertori, G. and Dittmar, M. and Doneg{\`{a}}, M. and Dorfer, C. and
               G{\'{o}}mez Espinosa, T. A. and Grab, C. and Hits, D. and Klijnsma, T. and Lustermann, W. and
               Manzoni, R. A. and Marionneau, M. and Meinhard, M. T. and Micheli, F. and Musella, P. and
               Nessi-Tedaldi, F. and Pauss, F. and Perrin, G. and Perrozzi, L. and Pigazzini, S. and Reissel, C.
               and Ruini, D. and Becerra, D. A.Sanz and Sch{\"{o}}nenberger, M. and Shchutska, L. and Tavolaro, V.
               R. and Theofilatos, K. and Olsson, M. L.Vesterbacka and Wallny, R. and Zhu, D. H. and Aarrestad, T.
               K. and Amsler, C. and Brzhechko, D. and Canelli, M. F. and De Cosa, A. and Del Burgo, R. and Donato,
               S. and Galloni, C. and Hreus, T. and Kilminster, B. and Leontsinis, S. and Neutelings, I. and Rauco,
               G. and Robmann, P. and Salerno, D. and Schweiger, K. and Seitz, C. and Takahashi, Y. and Zucchetta,
               A. and Doan, T. H. and Khurana, R. and Kuo, C. M. and Lin, W. and Pozdnyakov, A. and Yu, S. S. and
               Chang, P. and Chao, Y. and Chen, K. F. and Chen, P. H. and Hou, W. S. and Liu, Y. F. and Lu, R. S.
               and Paganis, E. and Psallidas, A. and Steen, A. and Asavapibhop, B. and Srimanobhas, N. and
               Suwonjandee, N. and Bat, A. and Boran, F. and Cerci, S. and Damarseckin, S. and Demiroglu, Z. S. and
               Dolek, F. and Dozen, C. and Eskut, E. and Gokbulut, G. and Guler, Y. and Gurpinar, E. and Hos, I.
               and Isik, C. and Kangal, E. E. and Kara, O. and Topaksu, A. Kayis and Kiminsu, U. and Oglakci, M.
               and Onengut, G. and Ozdemir, K. and Polatoz, A. and Cerci, D. Sunar and Tali, B. and Tok, U. G. and
               Turkcapar, S. and Zorbakir, I. S. and Zorbilmez, C. and Isildak, B. and Karapinar, G. and Yalvac, M.
               and Zeyrek, M. and Atakisi, I. O. and G{\"{u}}lmez, E. and Kaya, M. and Kaya, O. and Ozkorucuklu, S.
               and Tekten, S. and Yetkin, E. A. and Agaras, M. N. and Cakir, A. and Cankocak, K. and Komurcu, Y.
               and Sen, S. and Grynyov, B. and Levchuk, L. and Ball, F. and Brooke, J. J. and Burns, D. and
               Clement, E. and Cussans, D. and Davignon, O. and Flacher, H. and Goldstein, J. and Heath, G. P. and
               Heath, H. F. and Kreczko, L. and Newbold, D. M. and Paramesvaran, S. and Penning, B. and Sakuma, T.
               and Smith, D. and Smith, V. J. and Taylor, J. and Titterton, A. and Bell, K. W. and Belyaev, A. and
               Brew, C. and Brown, R. M. and Cieri, D. and Cockerill, D. J.A. and Coughlan, J. A. and Harder, K.
               and Harper, S. and Linacre, J. and Manolopoulos, K. and Olaiya, E. and Petyt, D. and
               Shepherd-Themistocleous, C. H. and Thea, A. and Tomalin, I. R. and Williams, T. and Womersley, W. J.
               and Bainbridge, R. and Bloch, P. and Borg, J. and Breeze, S. and Buchmuller, O. and Bundock, A. and
               Colling, D. and Dauncey, P. and Davies, G. and Della Negra, M. and Di Maria, R. and Hall, G. and
               Iles, G. and James, T. and Komm, M. and Lyons, L. and Magnan, A. M. and Malik, S. and Martelli, A.
               and Nash, J. and Nikitenko, A. and Palladino, V. and Pesaresi, M. and Raymond, D. M. and Richards,
               A. and Rose, A. and Scott, E. and Seez, C. and Shtipliyski, A. and Singh, G. and Stoye, M. and
               Strebler, T. and Summers, S. and Tapper, A. and Uchida, K. and Virdee, T. and Wardle, N. and
               Winterbottom, D. and Zenz, S. C. and Cole, J. E. and Hobson, P. R. and Khan, A. and Kyberd, P. and
               Mackay, C. K. and Morton, A. and Reid, I. D. and Teodorescu, L. and Zahid, S. and Call, K. and
               Dittmann, J. and Hatakeyama, K. and Liu, H. and Madrid, C. and McMaster, B. and Pastika, N. and
               Smith, C. and Bartek, R. and Dominguez, A. and Buccilli, A. and Cooper, S. I. and Henderson, C. and
               Rumerio, P. and West, C. and Arcaro, D. and Bose, T. and Gastler, D. and Girgis, S. and Pinna, D.
               and Rankin, D. and Richardson, C. and Rohlf, J. and Sulak, L. and Zou, D. and Benelli, G. and
               Coubez, X. and Cutts, D. and Hadley, M. and Hakala, J. and Heintz, U. and Hogan, J. M. and Kwok, K.
               H.M. and Laird, E. and Landsberg, G. and Lee, J. and Mao, Z. and Narain, M. and Sagir, S. and
               Syarif, R. and Usai, E. and Yu, D. and Band, R. and Brainerd, C. and Breedon, R. and Burns, D. and
               De La Barca Sanchez, M. Calderon and Chertok, M. and Conway, J. and Conway, R. and Cox, P. T. and
               Erbacher, R. and Flores, C. and Funk, G. and Ko, W. and Kukral, O. and Lander, R. and Mulhearn, M.
               and Pellett, D. and Pilot, J. and Shalhout, S. and Shi, M. and Stolp, D. and Taylor, D. and Tos, K.
               and Tripathi, M. and Wang, Z. and Zhang, F. and Bachtis, M. and Bravo, C. and Cousins, R. and
               Dasgupta, A. and Florent, A. and Hauser, J. and Ignatenko, M. and Mccoll, N. and Regnard, S. and
               Saltzberg, D. and Schnaible, C. and Valuev, V. and Bouvier, E. and Burt, K. and Clare, R. and Gary,
               J. W. and Shirazi, S. M.A.Ghiasi and Hanson, G. and Karapostoli, G. and Kennedy, E. and Lacroix, F.
               and Long, O. R. and Negrete, M. Olmedo and Paneva, M. I. and Si, W. and Wang, L. and Wei, H. and
               Wimpenny, S. and Yates, B. R. and Branson, J. G. and Chang, P. and Cittolin, S. and Derdzinski, M.
               and Gerosa, R. and Gilbert, D. and Hashemi, B. and Holzner, A. and Klein, D. and Kole, G. and
               Krutelyov, V. and Letts, J. and Masciovecchio, M. and Olivito, D. and Padhi, S. and Pieri, M. and
               Sharma, V. and Simon, S. and Tadel, M. and Wood, J. and W{\"{u}}rthwein, F. and Yagil, A. and Della
               Porta, G. Zevi and Amin, N. and Bhandari, R. and Campagnari, C. and Citron, M. and Dutta, V. and
               Sevilla, M. Franco and Gouskos, L. and Heller, R. and Incandela, J. and Mei, H. and Ovcharova, A.
               and Qu, H. and Richman, J. and Stuart, D. and Suarez, I. and Wang, S. and Yoo, J. and Anderson, D.
               and Bornheim, A. and Lawhorn, J. M. and Lu, N. and Newman, H. B. and Nguyen, T. Q. and Pata, J. and
               Spiropulu, M. and Vlimant, J. R. and Wilkinson, R. and Xie, S. and Zhang, Z. and Zhu, R. Y. and
               Andrews, M. B. and Ferguson, T. and Mudholkar, T. and Paulini, M. and Sun, M. and Vorobiev, I. and
               Weinberg, M. and Cumalat, J. P. and Ford, W. T. and Jensen, F. and Johnson, A. and MacDonald, E. and
               Mulholland, T. and Patel, R. and Perloff, A. and Stenson, K. and Ulmer, K. A. and Wagner, S. R. and
               Alexander, J. and Chaves, J. and Cheng, Y. and Chu, J. and Datta, A. and Mcdermott, K. and Mirman,
               N. and Patterson, J. R. and Quach, D. and Rinkevicius, A. and Ryd, A. and Skinnari, L. and Soffi, L.
               and Tan, S. M. and Tao, Z. and Thom, J. and Tucker, J. and Wittich, P. and Zientek, M. and Abdullin,
               S. and Albrow, M. and Alyari, M. and Apollinari, G. and Apresyan, A. and Apyan, A. and Banerjee, S.
               and Bauerdick, L. A.T. and Beretvas, A. and Berryhill, J. and Bhat, P. C. and Burkett, K. and
               Butler, J. N. and Canepa, A. and Cerati, G. B. and Cheung, H. W.K. and Chlebana, F. and Cremonesi,
               M. and Duarte, J. and Elvira, V. D. and Freeman, J. and Gecse, Z. and Gottschalk, E. and Gray, L.
               and Green, D. and Gr{\"{u}}nendahl, S. and Gutsche, O. and Hanlon, J. and Harris, R. M. and
               Hasegawa, S. and Hirschauer, J. and Hu, Z. and Jayatilaka, B. and Jindariani, S. and Johnson, M. and
               Joshi, U. and Klima, B. and Kortelainen, M. J. and Kreis, B. and Lammel, S. and Lincoln, D. and
               Lipton, R. and Liu, M. and Liu, T. and Lykken, J. and Maeshima, K. and Marraffino, J. M. and Mason,
               D. and McBride, P. and Merkel, P. and Mrenna, S. and Nahn, S. and O’Dell, V. and Pedro, K. and Pena,
               C. and Prokofyev, O. and Rakness, G. and Ravera, F. and Reinsvold, A. and Ristori, L. and
               Savoy-Navarro, A. and Schneider, B. and Sexton-Kennedy, E. and Soha, A. and Spalding, W. J. and
               Spiegel, L. and Stoynev, S. and Strait, J. and Strobbe, N. and Taylor, L. and Tkaczyk, S. and Tran,
               N. V. and Uplegger, L. and Vaandering, E. W. and Vernieri, C. and Verzocchi, M. and Vidal, R. and
               Wang, M. and Weber, H. A. and Whitbeck, A. and Acosta, D. and Avery, P. and Bortignon, P. and
               Bourilkov, D. and Brinkerhoff, A. and Cadamuro, L. and Carnes, A. and Curry, D. and Field, R. D. and
               Gleyzer, S. V. and Joshi, B. M. and Konigsberg, J. and Korytov, A. and Lo, K. H. and Ma, P. and
               Matchev, K. and Mitselmakher, G. and Rosenzweig, D. and Shi, K. and Sperka, D. and Wang, J. and
               Wang, S. and Zuo, X. and Joshi, Y. R. and Linn, S. and Ackert, A. and Adams, T. and Askew, A. and
               Hagopian, S. and Hagopian, V. and Johnson, K. F. and Kolberg, T. and Martinez, G. and Perry, T. and
               Prosper, H. and Saha, A. and Schiber, C. and Yohay, R. and Baarmand, M. M. and Bhopatkar, V. and
               Colafranceschi, S. and Hohlmann, M. and Noonan, D. and Rahmani, M. and Roy, T. and Saunders, M. and
               Yumiceva, F. and Adams, M. R. and Apanasevich, L. and Berry, D. and Betts, R. R. and Cavanaugh, R.
               and Chen, X. and Dittmer, S. and Evdokimov, O. and Gerber, C. E. and Hangal, D. A. and Hofman, D. J.
               and Jung, K. and Kamin, J. and Mills, C. and Tonjes, M. B. and Varelas, N. and Wang, H. and Wang, X.
               and Wu, Z. and Zhang, J. and Alhusseini, M. and Bilki, B. and Clarida, W. and Dilsiz, K. and Durgut,
               S. and Gandrajula, R. P. and Haytmyradov, M. and Khristenko, V. and Merlo, J. P. and Mestvirishvili,
               A. and Moeller, A. and Nachtman, J. and Ogul, H. and Onel, Y. and Ozok, F. and Penzo, A. and Snyder,
               C. and Tiras, E. and Wetzel, J. and Blumenfeld, B. and Cocoros, A. and Eminizer, N. and Fehling, D.
               and Feng, L. and Gritsan, A. V. and Hung, W. T. and Maksimovic, P. and Roskes, J. and Sarica, U. and
               Swartz, M. and Xiao, M. and Al-bataineh, A. and Baringer, P. and Bean, A. and Boren, S. and Bowen,
               J. and Bylinkin, A. and Castle, J. and Khalil, S. and Kropivnitskaya, A. and Majumder, D. and
               Mcbrayer, W. and Murray, M. and Rogan, C. and Sanders, S. and Schmitz, E. and Takaki, J. D.Tapia and
               Wang, Q. and Duric, S. and Ivanov, A. and Kaadze, K. and Kim, D. and Maravin, Y. and Mendis, D. R.
               and Mitchell, T. and Modak, A. and Mohammadi, A. and Rebassoo, F. and Wright, D. and Baden, A. and
               Baron, O. and Belloni, A. and Eno, S. C. and Feng, Y. and Ferraioli, C. and Hadley, N. J. and
               Jabeen, S. and Jeng, G. Y. and Kellogg, R. G. and Kunkle, J. and Mignerey, A. C. and Nabili, S. and
               Ricci-Tam, F. and Seidel, M. and Shin, Y. H. and Skuja, A. and Tonwar, S. C. and Wong, K. and
               Abercrombie, D. and Allen, B. and Azzolini, V. and Baty, A. and Bauer, G. and Bi, R. and Brandt, S.
               and Busza, W. and Cali, I. A. and D’Alfonso, M. and Demiragli, Z. and Ceballos, G. Gomez and
               Goncharov, M. and Harris, P. and Hsu, D. and Hu, M. and Iiyama, Y. and Innocenti, G. M. and Klute,
               M. and Kovalskyi, D. and Lee, Y. J. and Luckey, P. D. and Maier, B. and Marini, A. C. and Mcginn, C.
               and Mironov, C. and Narayanan, S. and Niu, X. and Paus, C. and Roland, C. and Roland, G. and Shi, Z.
               and Stephans, G. S.F. and Sumorok, K. and Tatar, K. and Velicanu, D. and Wang, J. and Wang, T. W.
               and Wyslouch, B. and Benvenuti, A. C. and Chatterjee, R. M. and Evans, A. and Hansen, P. and
               Hiltbrand, J. and Jain, Sh and Kalafut, S. and Krohn, M. and Kubota, Y. and Lesko, Z. and Mans, J.
               and Ruckstuhl, N. and Rusack, R. and Wadud, M. A. and Acosta, J. G. and Oliveros, S. and Avdeeva, E.
               and Bloom, K. and Claes, D. R. and Fangmeier, C. and Golf, F. and Suarez, R. Gonzalez and
               Kamalieddin, R. and Kravchenko, I. and Monroy, J. and Siado, J. E. and Snow, G. R. and Stieger, B.
               and Godshalk, A. and Harrington, C. and Iashvili, I. and Kharchilava, A. and Mclean, C. and Nguyen,
               D. and Parker, A. and Rappoccio, S. and Roozbahani, B. and Alverson, G. and Barberis, E. and Freer,
               C. and Haddad, Y. and Hortiangtham, A. and Madigan, G. and Morse, D. M. and Orimoto, T. and
               Tishelman-charny, A. and Wamorkar, T. and Wang, B. and Wisecarver, A. and Wood, D. and Bhattacharya,
               S. and Bueghly, J. and Charaf, O. and Gunter, T. and Hahn, K. A. and Odell, N. and Schmitt, M. H.
               and Sung, K. and Trovato, M. and Velasco, M. and Bucci, R. and Dev, N. and Hildreth, M. and Anampa,
               K. Hurtado and Jessop, C. and Karmgard, D. J. and Lannon, K. and Li, W. and Loukas, N. and
               Marinelli, N. and Meng, F. and Mueller, C. and Musienko, Y. and Planer, M. and Ruchti, R. and
               Siddireddy, P. and Smith, G. and Taroni, S. and Wayne, M. and Wightman, A. and Wolf, M. and Woodard,
               A. and Alimena, J. and Antonelli, L. and Bylsma, B. and Durkin, L. S. and Flowers, S. and Francis,
               B. and Hill, C. and Ji, W. and Ling, T. Y. and Luo, W. and Winer, B. L. and Cooperstein, S. and
               Elmer, P. and Hardenbrook, J. and Haubrich, N. and Higginbotham, S. and Kalogeropoulos, A. and Kwan,
               S. and Lange, D. and Lucchini, M. T. and Luo, J. and Marlow, D. and Mei, K. and Ojalvo, I. and
               Olsen, J. and Palmer, C. and Pirou{\'{e}}, P. and Salfeld-Nebgen, J. and Stickland, D. and Tully, C.
               and Malik, S. and Norberg, S. and Barker, A. and Barnes, V. E. and Das, S. and Gutay, L. and Jones,
               M. and Jung, A. W. and Khatiwada, A. and Mahakud, B. and Miller, D. H. and Neumeister, N. and Peng,
               C. C. and Piperov, S. and Qiu, H. and Schulte, J. F. and Sun, J. and Wang, F. and Xiao, R. and Xie,
               W. and Cheng, T. and Dolen, J. and Parashar, N. and Chen, Z. and Ecklund, K. M. and Freed, S. and
               Geurts, F. J.M. and Kilpatrick, M. and Kumar, Arun and Li, W. and Padley, B. P. and Redjimi, R. and
               Roberts, J. and Rorie, J. and Shi, W. and Tu, Z. and Zhang, A. and Bodek, A. and de Barbaro, P. and
               Demina, R. and Duh, Yt and Dulemba, J. L. and Fallon, C. and Ferbel, T. and Galanti, M. and
               Garcia-Bellido, A. and Han, J. and Hindrichs, O. and Khukhunaishvili, A. and Ranken, E. and Tan, P.
               and Taus, R. and Chiarito, B. and Chou, J. P. and Gershtein, Y. and Halkiadakis, E. and Hart, A. and
               Heindl, M. and Hughes, E. and Kaplan, S. and Elayavalli, R. Kunnawalkam and Kyriacou, S. and
               Laflotte, I. and Lath, A. and Montalvo, R. and Nash, K. and Osherson, M. and Saka, H. and Salur, S.
               and Schnetzer, S. and Sheffield, D. and Somalwar, S. and Stone, R. and Thomas, S. and Thomassen, P.
               and Delannoy, A. G. and Heideman, J. and Riley, G. and Spanier, S. and Bouhali, O. and Celik, A. and
               Dalchenko, M. and De Mattia, M. and Delgado, A. and Dildick, S. and Eusebi, R. and Gilmore, J. and
               Huang, T. and Kamon, T. and Luo, S. and Marley, D. and Mueller, R. and Overton, D. and Perni{\`{e}},
               L. and Rathjens, D. and Safonov, A. and Akchurin, N. and Damgov, J. and De Guio, F. and Dudero, P.
               R. and Kunori, S. and Lamichhane, K. and Lee, S. W. and Mengke, T. and Muthumuni, S. and Peltola, T.
               and Undleeb, S. and Volobouev, I. and Wang, Z. and Greene, S. and Gurrola, A. and Janjam, R. and
               Johns, W. and Maguire, C. and Melo, A. and Ni, H. and Padeken, K. and Romeo, F. and Alvarez, J.
               D.Ruiz and Sheldon, P. and Tuo, S. and Velkovska, J. and Verweij, M. and Xu, Q. and Arenton, M. W.
               and Barria, P. and Cox, B. and Hirosky, R. and Joyce, M. and Ledovskoy, A. and Li, H. and Neu, C.
               and Sinthuprasith, T. and Wang, Y. and Wolfe, E. and Xia, F. and Harr, R. and Karchin, P. E. and
               Poudyal, N. and Sturdy, J. and Thapa, P. and Zaleski, S. and Buchanan, J. and Caillol, C. and
               Carlsmith, D. and Dasu, S. and De Bruyn, I. and Dodd, L. and Gomber, B. and Grothe, M. and Herndon,
               M. and Herv{\'{e}}, A. and Hussain, U. and Klabbers, P. and Lanaro, A. and Long, K. and Loveless, R.
               and Ruggles, T. and Savin, A. and Sharma, V. and Smith, N. and Smith, W. H. and Woods, N.},
  title     = {{Extraction and validation of a new set of CMS pythia8 tunes from underlying-event measurements}},
  month     = {1},
  issn      = {1434-6052},
  arxivid   = {1903.12179},
  keywords  = {Astronomy, Astrophysics and Cosmology, Elementary Particles, Hadrons, Heavy
               Ions, Measurement Science and Instrumentation, Nuclear Energy, Nuclear
               Physics, Quantum Field Theories, Quantum Field Theory, String Theory},
  journal   = {The European Physical Journal C 2019 80:1},
  volume    = {80},
  number    = {1},
  year      = {2020},
  pages     = {1--47},
  doi       = {10.1140/EPJC/S10052-019-7499-4},
  publisher = {Springer},
  url       = {https://link.springer.com/article/10.1140/epjc/s10052-019-7499-4}
}

@misc{2021Jet13TeV,
  title    = {{Jet energy scale and resolution measurement with
               Run2 Legacy Data Collected by CMS at 13TeV}},
  month    = {9},
  keywords = {Physics},
  year     = {2021},
  url      = {https://cds.cern.ch/record/2792322}
}

@article{Cunningham2020K-NearestExamples,
  author    = {Cunningham, Padraig and Delany, Sarah Jane},
  title     = {{k-Nearest Neighbour Classifiers: 2nd Edition (with Python examples)}},
  month     = {4},
  arxivid   = {2004.04523v2},
  keywords  = {k-Nearest neighbour classifiers},
  journal   = {ACM Computing Surveys},
  volume    = {54},
  number    = {6},
  year      = {2020},
  doi       = {10.1145/3459665},
  publisher = {Association for Computing Machinery},
  url       = {http://arxiv.org/abs/2004.04523 http://dx.doi.org/10.1145/3459665}
}

@article{Mangano2006MatchingCollisions,
  author   = {Mangano, Michelangelo L. and Moretti, Mauro and Piccinini, Fulvio and Treccani, Michele},
  title    = {{Matching matrix elements and shower evolution for top-quark production in hadronic collisions}},
  month    = {11},
  arxivid  = {hep-ph/0611129v1},
  keywords = {Hadronic colliders, Heavy quark physics, Jets, QCD},
  journal  = {Journal of High Energy Physics},
  volume   = {2007},
  number   = {1},
  year     = {2006},
  doi      = {10.1088/1126-6708/2007/01/013},
  url      = {http://arxiv.org/abs/hep-ph/0611129 http://dx.doi.org/10.1088/1126-6708/2007/01/013}
}

@article{Frederix2012MergingMCNLO,
  author    = {Frederix, Rikkert and Frixione, Stefano},
  title     = {{Merging meets matching in MC@NLO}},
  month     = {12},
  issn      = {1029-8479},
  arxivid   = {1209.6215},
  keywords  = {Classical and Quantum Gravitation, Elementary Particles, Quantum Field Theories,
               Quantum Field Theory, Quantum Physics, Relativity Theory, String Theory},
  journal   = {Journal of High Energy Physics 2012 2012:12},
  volume    = {2012},
  number    = {12},
  year      = {2012},
  pages     = {1--41},
  doi       = {10.1007/JHEP12(2012)061},
  publisher = {Springer},
  url       = {https://link.springer.com/article/10.1007/JHEP12(2012)061}
}

@misc{2018MuonData,
  title    = {{Muon identification and isolation efficiencies with 2017 and 2018 data}},
  month    = {7},
  keywords = {Muons, Physics Reconstruction {\&} Selection},
  year     = {2018},
  url      = {https://cds.cern.ch/record/2629364}
}

@misc{2018MuonDatab,
  title    = {{Muon identification and isolation efficiencies with 2017 and 2018 data}},
  month    = {7},
  keywords = {Muons, Physics Reconstruction {\&} Selection},
  year     = {2018},
  url      = {https://cds.cern.ch/record/2629364}
}

@article{TheNNPDFCollaboration2017PartonData,
  author    = {{The NNPDF Collaboration} and Ball, Richard D. and Bertone, Valerio and Carrazza, Stefano
                and Del Debbio, Luigi and Forte, Stefano and Groth-Merrild, Patrick and Guffanti, Alberto
                and Hartland, Nathan P. and Kassabov, Zahari and Latorre, José I. and Nocera, Emanuele R.
                and Rojo, Juan and Rottoli, Luca and Slade, Emma and Ubiali, Maria},
  title     = {{Parton distributions from high-precision collider data}},
  month     = {6},
  arxivid   = {1706.00428v2},
  journal   = {European Physical Journal C},
  volume    = {77},
  number    = {10},
  year      = {2017},
  doi       = {10.1140/epjc/s10052-017-5199-5},
  publisher = {Springer New York LLC},
  url       = {http://arxiv.org/abs/1706.00428 http://dx.doi.org/10.1140/epjc/s10052-017-5199-5}
}

@article{CMSCollaboration2020PileupData,
  author    = {{CMS Collaboration}},
  title     = {{Pileup mitigation at CMS in 13 TeV data}},
  month     = {3},
  arxivid   = {2003.00503v2},
  keywords  = {Calorimeter methods, Calorimeters, Large detector-systems performance},
  journal   = {Journal of Instrumentation},
  volume    = {15},
  number    = {9},
  year      = {2020},
  doi       = {10.1088/1748-0221/15/09/P09018},
  publisher = {IOP Publishing Ltd},
  url       = {http://arxiv.org/abs/2003.00503 http://dx.doi.org/10.1088/1748-0221/15/09/P09018}
}

@article{Liu2020TheCMS,
  author    = {Liu, Yikun and Liu, Junfeng and Tao, Shu and Peruzzi,
               Marco and Petrucciani, Giovanni and Rizzi, Andrea},
  title     = {{The NanoAOD event data format in CMS}},
  month     = {4},
  issn      = {1742-6596},
  journal   = {Journal of Physics: Conference Series},
  volume    = {1525},
  number    = {1},
  year      = {2020},
  pages     = {012038},
  doi       = {10.1088/1742-6596/1525/1/012038},
  publisher = {IOP Publishing},
  url       = {https://iopscience.iop.org/article/10.1088/1742-6596/1525/1/012038 https://iopscience.iop.org/article/10.1088/1742-6596/1525/1/012038/meta}
}

@article{FISHER1936THEPROBLEMS,
  author    = {Fisher, R. A.},
  title     = {{The use of multiple measurements in taxonomic problems}},
  month     = {9},
  issn      = {2050-1439},
  journal   = {Annals of Eugenics},
  volume    = {7},
  number    = {2},
  year      = {1936},
  pages     = {179--188},
  doi       = {10.1111/J.1469-1809.1936.TB02137.X},
  publisher = {John Wiley {\&} Sons, Ltd},
  url       = {https://onlinelibrary.wiley.com/doi/full/10.1111/j.1469-1809.1936.tb02137.x https://onlinelibrary.wiley.com/doi/abs/10.1111/j.1469-1809.1936.tb02137.x https://onlinelibrary.wiley.com/doi/10.1111/j.1469-1809.1936.tb02137.x}
}

@article{Sirunyan_2018,
doi = {10.1088/1748-0221/13/05/P05011},
url = {https://dx.doi.org/10.1088/1748-0221/13/05/P05011},
year = {2018},
month = {may},
publisher = {},
volume = {13},
number = {05},
pages = {P05011},
author = {A.M. Sirunyan and A. Tumasyan and W. Adam and F. Ambrogi and E. Asilar and T. Bergauer and J. Brandstetter and E. Brondolin and M. Dragicevic and J. Erö and A. Escalante Del Valle and M. Flechl and M. Friedl and R. Frühwirth and V.M. Ghete and J. Grossmann and J. Hrubec and M. Jeitler and A. König and N. Krammer and I. Krätschmer and D. Liko and T. Madlener and I. Mikulec and E. Pree and N. Rad and H. Rohringer and J. Schieck and R. Schöfbeck and M. Spanring and D. Spitzbart and W. Waltenberger and J. Wittmann and C.-E. Wulz and M. Zarucki and V. Chekhovsky and V. Mossolov and J. Suarez Gonzalez and E.A. De Wolf and D. Di Croce and X. Janssen and J. Lauwers and M. Van De Klundert and H. Van Haevermaet and P. Van Mechelen and N. Van Remortel and S. Abu Zeid and F. Blekman and J. D'Hondt and I. De Bruyn and J. De Clercq and K. Deroover and G. Flouris and D. Lontkovskyi and S. Lowette and I. Marchesini and S. Moortgat and L. Moreels and Q. Python and K. Skovpen and S. Tavernier and W. Van Doninck and P. Van Mulders and I. Van Parijs and D. Beghin and B. Bilin and H. Brun and B. Clerbaux and G. De Lentdecker and H. Delannoy and B. Dorney and G. Fasanella and L. Favart and R. Goldouzian and A. Grebenyuk and T. Lenzi and J. Luetic and T. Maerschalk and A. Marinov and T. Seva and E. Starling and C. Vander Velde and P. Vanlaer and D. Vannerom and R. Yonamine and F. Zenoni and F. Zhang and A. Cimmino and T. Cornelis and D. Dobur and A. Fagot and M. Gul and I. Khvastunov and D. Poyraz and C. Roskas and S. Salva and M. Tytgat and W. Verbeke and N. Zaganidis and H. Bakhshiansohi and O. Bondu and S. Brochet and G. Bruno and C. Caputo and A. Caudron and P. David and S. De Visscher and C. Delaere and M. Delcourt and B. Francois and A. Giammanco and M. Komm and G. Krintiras and V. Lemaitre and A. Magitteri and A. Mertens and M. Musich and K. Piotrzkowski and L. Quertenmont and A. Saggio and M. Vidal Marono and S. Wertz and J. Zobec and W.L. Aldá Júnior and F.L. Alves and G.A. Alves and L. Brito and M. Correa Martins Junior and C. Hensel and A. Moraes and M.E. Pol and P. Rebello Teles and E. Belchior Batista Das Chagas and W. Carvalho and J. Chinellato and E. Coelho and E.M. Da Costa and G.G. Da Silveira and D. De Jesus Damiao and S. Fonseca De Souza and L.M. Huertas Guativa and H. Malbouisson and M. Melo De Almeida and C. Mora Herrera and L. Mundim and H. Nogima and L.J. Sanchez Rosas and A. Santoro and A. Sznajder and M. Thiel and E.J. Tonelli Manganote and F. Torres Da Silva De Araujo and A. Vilela Pereira and S. Ahuja and C.A. Bernardes and T.R. Fernandez Perez Tomei and E.M. Gregores and P.G. Mercadante and S.F. Novaes and Sandra S. Padula and D. Romero Abad and J.C. Ruiz Vargas and A. Aleksandrov and R. Hadjiiska and P. Iaydjiev and M. Misheva and M. Rodozov and M. Shopova and G. Sultanov and A. Dimitrov and L. Litov and B. Pavlov and P. Petkov and W. Fang and X. Gao and L. Yuan and M. Ahmad and G.M. Chen and H.S. Chen and M. Chen and Y. Chen and C.H. Jiang and D. Leggat and H. Liao and Z. Liu and F. Romeo and S.M. Shaheen and A. Spiezia and J. Tao and J. Thomas-wilsker and C. Wang and Z. Wang and E. Yazgan and H. Zhang and S. Zhang and J. Zhao and Y. Ban and G. Chen and J. Li and Q. Li and S. Liu and Y. Mao and S.J. Qian and D. Wang and Z. Xu and Y. Wang and C. Avila and A. Cabrera and C.A. Carrillo Montoya and L.F. Chaparro Sierra and C. Florez and C.F. González Hernández and J.D. Ruiz Alvarez and M.A. Segura Delgado and B. Courbon and N. Godinovic and D. Lelas and I. Puljak and P.M. Ribeiro Cipriano and T. Sculac and Z. Antunovic and M. Kovac and V. Brigljevic and D. Ferencek and K. Kadija and B. Mesic and A. Starodumov and T. Susa and M.W. Ather and A. Attikis and G. Mavromanolakis and J. Mousa and C. Nicolaou and F. Ptochos and P.A. Razis and H. Rykaczewski and M. Finger and M. Finger Jr. and E. Carrera Jarrin and E. El-khateeb and S. Elgammal and A. Ellithi Kamel and R.K. Dewanjee and M. Kadastik and L. Perrini and M. Raidal and A. Tiko and C. Veelken and P. Eerola and H. Kirschenmann and J. Pekkanen and M. Voutilainen and J. Havukainen and J.K. Heikkilä and T. Järvinen and V. Karimäki and R. Kinnunen and T. Lampén and K. Lassila-Perini and S. Laurila and S. Lehti and T. Lindén and P. Luukka and H. Siikonen and E. Tuominen and J. Tuominiemi and T. Tuuva and M. Besancon and F. Couderc and M. Dejardin and D. Denegri and J.L. Faure and F. Ferri and S. Ganjour and S. Ghosh and P. Gras and G. Hamel de Monchenault and P. Jarry and I. Kucher and C. Leloup and E. Locci and M. Machet and J. Malcles and G. Negro and J. Rander and A. Rosowsky and M.Ö. Sahin and M. Titov and A. Abdulsalam and C. Amendola and I. Antropov and S. Baffioni and F. Beaudette and P. Busson and L. Cadamuro and C. Charlot and R. Granier de Cassagnac and M. Jo and S. Lisniak and A. Lobanov and J. Martin Blanco and M. Nguyen and C. Ochando and G. Ortona and P. Paganini and P. Pigard and R. Salerno and J.B. Sauvan and Y. Sirois and A.G. Stahl Leiton and T. Strebler and Y. Yilmaz and A. Zabi and A. Zghiche and J.-L. Agram and J. Andrea and D. Bloch and J.-M. Brom and M. Buttignol and E.C. Chabert and N. Chanon and C. Collard and E. Conte and X. Coubez and J.-C. Fontaine and D. Gelé and U. Goerlach and M. Jansová and A.-C. Le Bihan and N. Tonon and P. Van Hove and S. Gadrat and S. Beauceron and C. Bernet and G. Boudoul and R. Chierici and D. Contardo and P. Depasse and H. El Mamouni and J. Fay and L. Finco and S. Gascon and M. Gouzevitch and G. Grenier and B. Ille and F. Lagarde and I.B. Laktineh and M. Lethuillier and L. Mirabito and A.L. Pequegnot and S. Perries and A. Popov and V. Sordini and M. Vander Donckt and S. Viret and A. Khvedelidze and Z. Tsamalaidze and C. Autermann and L. Feld and M.K. Kiesel and K. Klein and M. Lipinski and M. Preuten and C. Schomakers and J. Schulz and M. Teroerde and V. Zhukov and A. Albert and E. Dietz-Laursonn and D. Duchardt and M. Endres and M. Erdmann and S. Erdweg and T. Esch and R. Fischer and A. Güth and M. Hamer and T. Hebbeker and C. Heidemann and K. Hoepfner and S. Knutzen and M. Merschmeyer and A. Meyer and P. Millet and S. Mukherjee and T. Pook and M. Radziej and H. Reithler and M. Rieger and F. Scheuch and D. Teyssier and S. Thüer and G. Flügge and B. Kargoll and T. Kress and A. Künsken and T. Müller and A. Nehrkorn and A. Nowack and C. Pistone and O. Pooth and A. Stahl and M. Aldaya Martin and T. Arndt and C. Asawatangtrakuldee and K. Beernaert and O. Behnke and U. Behrens and A. Bermúdez Martínez and A.A. Bin Anuar and K. Borras and V. Botta and A. Campbell and P. Connor and C. Contreras-Campana and F. Costanza and M.M. Defranchis and C. Diez Pardos and G. Eckerlin and D. Eckstein and T. Eichhorn and E. Eren and E. Gallo and J. Garay Garcia and A. Geiser and J.M. Grados Luyando and A. Grohsjean and P. Gunnellini and M. Guthoff and A. Harb and J. Hauk and M. Hempel and H. Jung and M. Kasemann and J. Keaveney and C. Kleinwort and I. Korol and D. Krücker and W. Lange and A. Lelek and T. Lenz and J. Leonard and K. Lipka and W. Lohmann and R. Mankel and I.-A. Melzer-Pellmann and A.B. Meyer and G. Mittag and J. Mnich and A. Mussgiller and E. Ntomari and D. Pitzl and A. Raspereza and M. Savitskyi and P. Saxena and R. Shevchenko and S. Spannagel and N. Stefaniuk and G.P. Van Onsem and R. Walsh and Y. Wen and K. Wichmann and C. Wissing and O. Zenaiev and R. Aggleton and S. Bein and V. Blobel and M. Centis Vignali and T. Dreyer and E. Garutti and D. Gonzalez and J. Haller and A. Hinzmann and M. Hoffmann and A. Karavdina and R. Klanner and R. Kogler and N. Kovalchuk and S. Kurz and T. Lapsien and D. Marconi and M. Meyer and M. Niedziela and D. Nowatschin and F. Pantaleo and T. Peiffer and A. Perieanu and C. Scharf and P. Schleper and A. Schmidt and S. Schumann and J. Schwandt and J. Sonneveld and H. Stadie and G. Steinbrück and F.M. Stober and M. Stöver and H. Tholen and D. Troendle and E. Usai and A. Vanhoefer and B. Vormwald and M. Akbiyik and C. Barth and M. Baselga and S. Baur and E. Butz and R. Caspart and T. Chwalek and F. Colombo and W. De Boer and A. Dierlamm and K. El Morabit and N. Faltermann and B. Freund and R. Friese and M. Giffels and M.A. Harrendorf and F. Hartmann and S.M. Heindl and U. Husemann and F. Kassel and S. Kudella and H. Mildner and M.U. Mozer and Th. Müller and M. Plagge and G. Quast and K. Rabbertz and M. Schröder and I. Shvetsov and G. Sieber and H.J. Simonis and R. Ulrich and S. Wayand and M. Weber and T. Weiler and S. Williamson and C. Wöhrmann and R. Wolf and G. Anagnostou and G. Daskalakis and T. Geralis and A. Kyriakis and D. Loukas and I. Topsis-Giotis and G. Karathanasis and S. Kesisoglou and A. Panagiotou and N. Saoulidou and K. Kousouris and I. Evangelou and C. Foudas and P. Gianneios and P. Katsoulis and P. Kokkas and S. Mallios and N. Manthos and I. Papadopoulos and E. Paradas and J. Strologas and F.A. Triantis and D. Tsitsonis and M. Csanad and N. Filipovic and G. Pasztor and O. Surányi and G.I. Veres and G. Bencze and C. Hajdu and D. Horvath and Á. Hunyadi and F. Sikler and V. Veszpremi and N. Beni and S. Czellar and J. Karancsi and A. Makovec and J. Molnar and Z. Szillasi and M. Bartók and P. Raics and Z.L. Trocsanyi and B. Ujvari and S. Choudhury and J.R. Komaragiri and S. Bahinipati and S. Bhowmik and P. Mal and K. Mandal and A. Nayak and D.K. Sahoo and N. Sahoo and S.K. Swain and S. Bansal and S.B. Beri and V. Bhatnagar and R. Chawla and N. Dhingra and A.K. Kalsi and A. Kaur and M. Kaur and S. Kaur and R. Kumar and P. Kumari and A. Mehta and J.B. Singh and G. Walia and Ashok Kumar and Aashaq Shah and A. Bhardwaj and S. Chauhan and B.C. Choudhary and R.B. Garg and S. Keshri and A. Kumar and S. Malhotra and M. Naimuddin and K. Ranjan and R. Sharma and R. Bhardwaj and R. Bhattacharya and S. Bhattacharya and U. Bhawandeep and S. Dey and S. Dutt and S. Dutta and S. Ghosh and N. Majumdar and A. Modak and K. Mondal and S. Mukhopadhyay and S. Nandan and A. Purohit and A.
 Roy and S. Roy Chowdhury and S. Sarkar and M. Sharan and S. Thakur and P.K. Behera and R. Chudasama and D. Dutta and V. Jha and V. Kumar and A.K. Mohanty and P.K. Netrakanti and L.M. Pant and P. Shukla and A. Topkar and T. Aziz and S. Dugad and B. Mahakud and S. Mitra and G.B. Mohanty and N. Sur and B. Sutar and S. Banerjee and S. Bhattacharya and S. Chatterjee and P. Das and M. Guchait and Sa. Jain and S. Kumar and M. Maity and G. Majumder and K. Mazumdar and T. Sarkar and N. Wickramage and S. Chauhan and S. Dube and V. Hegde and A. Kapoor and K. Kothekar and S. Pandey and A. Rane and S. Sharma and S. Chenarani and E. Eskandari Tadavani and S.M. Etesami and M. Khakzad and M. Mohammadi Najafabadi and M. Naseri and S. Paktinat Mehdiabadi and F. Rezaei Hosseinabadi and B. Safarzadeh and M. Zeinali and M. Felcini and M. Grunewald and M. Abbrescia and C. Calabria and A. Colaleo and D. Creanza and L. Cristella and N. De Filippis and M. De Palma and F. Errico and L. Fiore and G. Iaselli and S. Lezki and G. Maggi and M. Maggi and G. Miniello and S. My and S. Nuzzo and A. Pompili and G. Pugliese and R. Radogna and A. Ranieri and G. Selvaggi and A. Sharma and L. Silvestris and R. Venditti and P. Verwilligen and G. Abbiendi and C. Battilana and D. Bonacorsi and L. Borgonovi and S. Braibant-Giacomelli and R. Campanini and P. Capiluppi and A. Castro and F.R. Cavallo and S.S. Chhibra and G. Codispoti and M. Cuffiani and G.M. Dallavalle and F. Fabbri and A. Fanfani and D. Fasanella and P. Giacomelli and C. Grandi and L. Guiducci and S. Marcellini and G. Masetti and A. Montanari and F.L. Navarria and A. Perrotta and A.M. Rossi and T. Rovelli and G.P. Siroli and N. Tosi and S. Albergo and S. Costa and A. Di Mattia and F. Giordano and R. Potenza and A. Tricomi and C. Tuve and G. Barbagli and K. Chatterjee and V. Ciulli and C. Civinini and R. D'Alessandro and E. Focardi and P. Lenzi and M. Meschini and S. Paoletti and L. Russo and G. Sguazzoni and D. Strom and L. Viliani and L. Benussi and S. Bianco and F. Fabbri and D. Piccolo and F. Primavera and V. Calvelli and F. Ferro and F. Ravera and E. Robutti and S. Tosi and A. Benaglia and A. Beschi and L. Brianza and F. Brivio and V. Ciriolo and M.E. Dinardo and S. Fiorendi and S. Gennai and A. Ghezzi and P. Govoni and M. Malberti and S. Malvezzi and R.A. Manzoni and D. Menasce and L. Moroni and M. Paganoni and K. Pauwels and D. Pedrini and S. Pigazzini and S. Ragazzi and T. Tabarelli de Fatis and S. Buontempo and N. Cavallo and S. Di Guida and F. Fabozzi and F. Fienga and A.O.M. Iorio and W.A. Khan and L. Lista and S. Meola and P. Paolucci and C. Sciacca and F. Thyssen and P. Azzi and N. Bacchetta and L. Benato and D. Bisello and A. Boletti and P. Checchia and M. Dall'Osso and P. De Castro Manzano and T. Dorigo and U. Dosselli and F. Fanzago and F. Gasparini and U. Gasparini and A. Gozzelino and S. Lacaprara and P. Lujan and M. Margoni and A.T. Meneguzzo and N. Pozzobon and P. Ronchese and R. Rossin and F. Simonetto and E. Torassa and S. Ventura and M. Zanetti and P. Zotto and A. Braghieri and A. Magnani and P. Montagna and S.P. Ratti and V. Re and M. Ressegotti and C. Riccardi and P. Salvini and I. Vai and P. Vitulo and L. Alunni Solestizi and M. Biasini and G.M. Bilei and C. Cecchi and D. Ciangottini and L. Fanò and R. Leonardi and E. Manoni and G. Mantovani and V. Mariani and M. Menichelli and A. Rossi and A. Santocchia and D. Spiga and K. Androsov and P. Azzurri and G. Bagliesi and T. Boccali and L. Borrello and R. Castaldi and M.A. Ciocci and R. Dell'Orso and G. Fedi and L. Giannini and A. Giassi and M.T. Grippo and F. Ligabue and T. Lomtadze and E. Manca and G. Mandorli and A. Messineo and F. Palla and A. Rizzi and A. Savoy-Navarro and P. Spagnolo and R. Tenchini and G. Tonelli and A. Venturi and P.G. Verdini and L. Barone and F. Cavallari and M. Cipriani and N. Daci and D. Del Re and E. Di Marco and M. Diemoz and S. Gelli and E. Longo and F. Margaroli and B. Marzocchi and P. Meridiani and G. Organtini and R. Paramatti and F. Preiato and S. Rahatlou and C. Rovelli and F. Santanastasio and N. Amapane and R. Arcidiacono and S. Argiro and M. Arneodo and N. Bartosik and R. Bellan and C. Biino and N. Cartiglia and F. Cenna and M. Costa and R. Covarelli and A. Degano and N. Demaria and B. Kiani and C. Mariotti and S. Maselli and E. Migliore and V. Monaco and E. Monteil and M. Monteno and M.M. Obertino and L. Pacher and N. Pastrone and M. Pelliccioni and G.L. Pinna Angioni and A. Romero and M. Ruspa and R. Sacchi and K. Shchelina and V. Sola and A. Solano and A. Staiano and P. Traczyk and S. Belforte and M. Casarsa and F. Cossutti and G. Della Ricca and A. Zanetti and D.H. Kim and G.N. Kim and M.S. Kim and J. Lee and S. Lee and S.W. Lee and C.S. Moon and Y.D. Oh and S. Sekmen and D.C. Son and Y.C. Yang and A. Lee and H. Kim and D.H. Moon and G. Oh and J.A. Brochero Cifuentes and J. Goh and T.J. Kim and S. Cho and S. Choi and Y. Go and D. Gyun and S. Ha and B. Hong and Y. Jo and Y. Kim and K. Lee and K.S. Lee and S. Lee and J. Lim and S.K. Park and Y. Roh and J. Almond and J. Kim and J.S. Kim and H. Lee and K. Lee and K. Nam and S.B. Oh and B.C. Radburn-Smith and S.h. Seo and U.K. Yang and H.D. Yoo and G.B. Yu and H. Kim and J.H. Kim and J.S.H. Lee and I.C. Park and Y. Choi and C. Hwang and J. Lee and I. Yu and V. Dudenas and A. Juodagalvis and J. Vaitkus and I. Ahmed and Z.A. Ibrahim and M.A.B. Md Ali and F. Mohamad Idris and W.A.T. Wan Abdullah and M.N. Yusli and Z. Zolkapli and R. Reyes-Almanza and G. Ramirez-Sanchez and M.C. Duran-Osuna and H. Castilla-Valdez and E. De La Cruz-Burelo and I. Heredia-De La Cruz and R.I. Rabadan-Trejo and R. Lopez-Fernandez and J. Mejia Guisao and A. Sanchez-Hernandez and S. Carrillo Moreno and C. Oropeza Barrera and F. Vazquez Valencia and J. Eysermans and I. Pedraza and H.A. Salazar Ibarguen and C. Uribe Estrada and A. Morelos Pineda and D. Krofcheck and P.H. Butler and A. Ahmad and M. Ahmad and Q. Hassan and H.R. Hoorani and A. Saddique and M.A. Shah and M. Shoaib and M. Waqas and H. Bialkowska and M. Bluj and B. Boimska and T. Frueboes and M. Górski and M. Kazana and K. Nawrocki and M. Szleper and P. Zalewski and K. Bunkowski and A. Byszuk and K. Doroba and A. Kalinowski and M. Konecki and J. Krolikowski and M. Misiura and M. Olszewski and A. Pyskir and M. Walczak and P. Bargassa and C. Beirão Da Cruz E Silva and A. Di Francesco and P. Faccioli and B. Galinhas and M. Gallinaro and J. Hollar and N. Leonardo and L. Lloret Iglesias and M.V. Nemallapudi and J. Seixas and G. Strong and O. Toldaiev and D. Vadruccio and J. Varela and A. Baginyan and A. Golunov and I. Golutvin and A. Kamenev and V. Karjavin and I. Kashunin and V. Korenkov and G. Kozlov and A. Lanev and A. Malakhov and V. Matveev and V. Palichik and V. Perelygin and S. Shmatov and V. Smirnov and V. Trofimov and B.S. Yuldashev and A. Zarubin and Y. Ivanov and V. Kim and E. Kuznetsova and P. Levchenko and V. Murzin and V. Oreshkin and I. Smirnov and D. Sosnov and V. Sulimov and L. Uvarov and S. Vavilov and A. Vorobyev and Yu. Andreev and A. Dermenev and S. Gninenko and N. Golubev and A. Karneyeu and M. Kirsanov and N. Krasnikov and A. Pashenkov and D. Tlisov and A. Toropin and V. Epshteyn and V. Gavrilov and N. Lychkovskaya and V. Popov and I. Pozdnyakov and G. Safronov and A. Spiridonov and A. Stepennov and M. Toms and E. Vlasov and A. Zhokin and T. Aushev and A. Bylinkin and R. Chistov and M. Danilov and P. Parygin and D. Philippov and S. Polikarpov and E. Tarkovskii and V. Andreev and M. Azarkin and I. Dremin and M. Kirakosyan and A. Terkulov and A. Baskakov and A. Belyaev and E. Boos and M. Dubinin and L. Dudko and A. Ershov and A. Gribushin and V. Klyukhin and O. Kodolova and I. Lokhtin and I. Miagkov and S. Obraztsov and S. Petrushanko and V. Savrin and A. Snigirev and V. Blinov and D. Shtol and Y. Skovpen and I. Azhgirey and I. Bayshev and S. Bitioukov and D. Elumakhov and A. Godizov and V. Kachanov and A. Kalinin and D. Konstantinov and P. Mandrik and V. Petrov and R. Ryutin and A. Sobol and S. Troshin and N. Tyurin and A. Uzunian and A. Volkov and P. Adzic and P. Cirkovic and D. Devetak and M. Dordevic and J. Milosevic and V. Rekovic and J. Alcaraz Maestre and I. Bachiller and M. Barrio Luna and M. Cerrada and N. Colino and B. De La Cruz and A. Delgado Peris and C. Fernandez Bedoya and J.P. Fernández Ramos and J. Flix and M.C. Fouz and O. Gonzalez Lopez and S. Goy Lopez and J.M. Hernandez and M.I. Josa and D. Moran and A. Pérez-Calero Yzquierdo and J. Puerta Pelayo and A. Quintario Olmeda and I. Redondo and L. Romero and M.S. Soares and A. Álvarez Fernández and C. Albajar and J.F. de Trocóniz and M. Missiroli and J. Cuevas and C. Erice and J. Fernandez Menendez and I. Gonzalez Caballero and J.R. González Fernández and E. Palencia Cortezon and S. Sanchez Cruz and P. Vischia and J.M. Vizan Garcia and I.J. Cabrillo and A. Calderon and B. Chazin Quero and E. Curras and J. Duarte Campderros and M. Fernandez and J. Garcia-Ferrero and G. Gomez and A. Lopez Virto and J. Marco and C. Martinez Rivero and P. Martinez Ruiz del Arbol and F. Matorras and J. Piedra Gomez and T. Rodrigo and A. Ruiz-Jimeno and L. Scodellaro and N. Trevisani and I. Vila and R. Vilar Cortabitarte and D. Abbaneo and B. Akgun and E. Auffray and P. Baillon and A.H. Ball and D. Barney and J. Bendavid and M. Bianco and P. Bloch and A. Bocci and C. Botta and T. Camporesi and R. Castello and M. Cepeda and G. Cerminara and E. Chapon and Y. Chen and D. d'Enterria and A. Dabrowski and V. Daponte and A. David and M. De Gruttola and A. De Roeck and N. Deelen and M. Dobson and T. du Pree and M. Dünser and N. Dupont and A. Elliott-Peisert and P. Everaerts and F. Fallavollita and G. Franzoni and J. Fulcher and W. Funk and D. Gigi and A. Gilbert and K. Gill and F. Glege and D. Gulhan and P. Harris and J. Hegeman and V. Innocente and A. Jafari and P. Janot and O. Karacheban and J. Kieseler and V. Knünz and A. Kornmayer and M.J. 
Kortelainen and M. Krammer and C. Lange and P. Lecoq and C. Lourenço and M.T. Lucchini and L. Malgeri and M. Mannelli and A. Martelli and F. Meijers and J.A. Merlin and S. Mersi and E. Meschi and P. Milenovic and F. Moortgat and M. Mulders and H. Neugebauer and J. Ngadiuba and S. Orfanelli and L. Orsini and L. Pape and E. Perez and M. Peruzzi and A. Petrilli and G. Petrucciani and A. Pfeiffer and M. Pierini and D. Rabady and A. Racz and T. Reis and G. Rolandi and M. Rovere and H. Sakulin and C. Schäfer and C. Schwick and M. Seidel and M. Selvaggi and A. Sharma and P. Silva and P. Sphicas and A. Stakia and J. Steggemann and M. Stoye and M. Tosi and D. Treille and A. Triossi and A. Tsirou and V. Veckalns and M. Verweij and W.D. Zeuner and W. Bertl and L. Caminada and K. Deiters and W. Erdmann and R. Horisberger and Q. Ingram and H.C. Kaestli and D. Kotlinski and U. Langenegger and T. Rohe and S.A. Wiederkehr and M. Backhaus and L. Bäni and P. Berger and L. Bianchini and B. Casal and G. Dissertori and M. Dittmar and M. Donegà and C. Dorfer and C. Grab and C. Heidegger and D. Hits and J. Hoss and G. Kasieczka and T. Klijnsma and W. Lustermann and B. Mangano and M. Marionneau and M.T. Meinhard and D. Meister and F. Micheli and P. Musella and F. Nessi-Tedaldi and F. Pandolfi and J. Pata and F. Pauss and G. Perrin and L. Perrozzi and M. Quittnat and M. Reichmann and D.A. Sanz Becerra and M. Schönenberger and L. Shchutska and V.R. Tavolaro and K. Theofilatos and M.L. Vesterbacka Olsson and R. Wallny and D.H. Zhu and T.K. Aarrestad and C. Amsler and M.F. Canelli and A. De Cosa and R. Del Burgo and S. Donato and C. Galloni and T. Hreus and B. Kilminster and D. Pinna and G. Rauco and P. Robmann and D. Salerno and K. Schweiger and C. Seitz and Y. Takahashi and A. Zucchetta and V. Candelise and Y.H. Chang and K.y. Cheng and T.H. Doan and Sh. Jain and R. Khurana and C.M. Kuo and W. Lin and A. Pozdnyakov and S.S. Yu and Arun Kumar and P. Chang and Y. Chao and K.F. Chen and P.H. Chen and F. Fiori and W.-S. Hou and Y. Hsiung and Y.F. Liu and R.-S. Lu and E. Paganis and A. Psallidas and A. Steen and J.f. Tsai and B. Asavapibhop and K. Kovitanggoon and G. Singh and N. Srimanobhas and A. Bat and F. Boran and S. Cerci and S. Damarseckin and Z.S. Demiroglu and C. Dozen and I. Dumanoglu and S. Girgis and G. Gokbulut and Y. Guler and I. Hos and E.E. Kangal and O. Kara and A. Kayis Topaksu and U. Kiminsu and M. Oglakci and G. Onengut and K. Ozdemir and D. Sunar Cerci and B. Tali and U.G. Tok and S. Turkcapar and I.S. Zorbakir and C. Zorbilmez and G. Karapinar and K. Ocalan and M. Yalvac and M. Zeyrek and E. Gülmez and M. Kaya and O. Kaya and S. Tekten and E.A. Yetkin and M.N. Agaras and S. Atay and A. Cakir and K. Cankocak and I. Köseoglu and B. Grynyov and L. Levchuk and F. Ball and L. Beck and J.J. Brooke and D. Burns and E. Clement and D. Cussans and O. Davignon and H. Flacher and J. Goldstein and G.P. Heath and H.F. Heath and L. Kreczko and D.M. Newbold and S. Paramesvaran and T. Sakuma and S. Seif El Nasr-storey and D. Smith and V.J. Smith and K.W. Bell and A. Belyaev and C. Brew and R.M. Brown and L. Calligaris and D. Cieri and D.J.A. Cockerill and J.A. Coughlan and K. Harder and S. Harper and J. Linacre and E. Olaiya and D. Petyt and C.H. Shepherd-Themistocleous and A. Thea and I.R. Tomalin and T. Williams and G. Auzinger and R. Bainbridge and J. Borg and S. Breeze and O. Buchmuller and A. Bundock and S. Casasso and M. Citron and D. Colling and L. Corpe and P. Dauncey and G. Davies and A. De Wit and M. Della Negra and R. Di Maria and A. Elwood and Y. Haddad and G. Hall and G. Iles and T. James and R. Lane and C. Laner and L. Lyons and A.-M. Magnan and S. Malik and L. Mastrolorenzo and T. Matsushita and J. Nash and A. Nikitenko and V. Palladino and M. Pesaresi and D.M. Raymond and A. Richards and A. Rose and E. Scott and C. Seez and A. Shtipliyski and S. Summers and A. Tapper and K. Uchida and M. Vazquez Acosta and T. Virdee and N. Wardle and D. Winterbottom and J. Wright and S.C. Zenz and J.E. Cole and P.R. Hobson and A. Khan and P. Kyberd and I.D. Reid and L. Teodorescu and S. Zahid and A. Borzou and K. Call and J. Dittmann and K. Hatakeyama and H. Liu and N. Pastika and C. Smith and R. Bartek and A. Dominguez and A. Buccilli and S.I. Cooper and C. Henderson and P. Rumerio and C. West and D. Arcaro and A. Avetisyan and T. Bose and D. Gastler and D. Rankin and C. Richardson and J. Rohlf and L. Sulak and D. Zou and G. Benelli and D. Cutts and A. Garabedian and M. Hadley and J. Hakala and U. Heintz and J.M. Hogan and K.H.M. Kwok and E. Laird and G. Landsberg and J. Lee and Z. Mao and M. Narain and J. Pazzini and S. Piperov and S. Sagir and R. Syarif and D. Yu and R. Band and C. Brainerd and R. Breedon and D. Burns and M. Calderon De La Barca Sanchez and M. Chertok and J. Conway and R. Conway and P.T. Cox and R. Erbacher and C. Flores and G. Funk and W. Ko and R. Lander and C. Mclean and M. Mulhearn and D. Pellett and J. Pilot and S. Shalhout and M. Shi and J. Smith and D. Stolp and K. Tos and M. Tripathi and Z. Wang and M. Bachtis and C. Bravo and R. Cousins and A. Dasgupta and A. Florent and J. Hauser and M. Ignatenko and N. Mccoll and S. Regnard and D. Saltzberg and C. Schnaible and V. Valuev and E. Bouvier and K. Burt and R. Clare and J. Ellison and J.W. Gary and S.M.A. Ghiasi Shirazi and G. Hanson and J. Heilman and G. Karapostoli and E. Kennedy and F. Lacroix and O.R. Long and M. Olmedo Negrete and M.I. Paneva and W. Si and L. Wang and H. Wei and S. Wimpenny and B. R. Yates and J.G. Branson and S. Cittolin and M. Derdzinski and R. Gerosa and D. Gilbert and B. Hashemi and A. Holzner and D. Klein and G. Kole and V. Krutelyov and J. Letts and M. Masciovecchio and D. Olivito and S. Padhi and M. Pieri and M. Sani and V. Sharma and M. Tadel and A. Vartak and S. Wasserbaech and J. Wood and F. Würthwein and A. Yagil and G. Zevi Della Porta and N. Amin and R. Bhandari and J. Bradmiller-Feld and C. Campagnari and A. Dishaw and V. Dutta and M. Franco Sevilla and F. Golf and L. Gouskos and R. Heller and J. Incandela and A. Ovcharova and H. Qu and J. Richman and D. Stuart and I. Suarez and J. Yoo and D. Anderson and A. Bornheim and J.M. Lawhorn and H.B. Newman and T. Nguyen and C. Pena and M. Spiropulu and J.R. Vlimant and S. Xie and Z. Zhang and R.Y. Zhu and M.B. Andrews and T. Ferguson and T. Mudholkar and M. Paulini and J. Russ and M. Sun and H. Vogel and I. Vorobiev and M. Weinberg and J.P. Cumalat and W.T. Ford and F. Jensen and A. Johnson and M. Krohn and S. Leontsinis and T. Mulholland and K. Stenson and S.R. Wagner and J. Alexander and J. Chaves and J. Chu and S. Dittmer and K. Mcdermott and N. Mirman and J.R. Patterson and D. Quach and A. Rinkevicius and A. Ryd and L. Skinnari and L. Soffi and S.M. Tan and Z. Tao and J. Thom and J. Tucker and P. Wittich and M. Zientek and S. Abdullin and M. Albrow and M. Alyari and G. Apollinari and A. Apresyan and A. Apyan and S. Banerjee and L.A.T. Bauerdick and A. Beretvas and J. Berryhill and P.C. Bhat and G. Bolla and K. Burkett and J.N. Butler and A. Canepa and G.B. Cerati and H.W.K. Cheung and F. Chlebana and M. Cremonesi and J. Duarte and V.D. Elvira and J. Freeman and Z. Gecse and E. Gottschalk and L. Gray and D. Green and S. Grünendahl and O. Gutsche and R.M. Harris and S. Hasegawa and J. Hirschauer and Z. Hu and B. Jayatilaka and S. Jindariani and M. Johnson and U. Joshi and B. Klima and B. Kreis and S. Lammel and D. Lincoln and R. Lipton and M. Liu and T. Liu and R. Lopes De Sá and J. Lykken and K. Maeshima and N. Magini and J.M. Marraffino and D. Mason and P. McBride and P. Merkel and S. Mrenna and S. Nahn and V. O'Dell and K. Pedro and O. Prokofyev and G. Rakness and L. Ristori and B. Schneider and E. Sexton-Kennedy and A. Soha and W.J. Spalding and L. Spiegel and S. Stoynev and J. Strait and N. Strobbe and L. Taylor and S. Tkaczyk and N.V. Tran and L. Uplegger and E.W. Vaandering and C. Vernieri and M. Verzocchi and R. Vidal and M. Wang and H.A. Weber and A. Whitbeck and D. Acosta and P. Avery and P. Bortignon and D. Bourilkov and A. Brinkerhoff and A. Carnes and M. Carver and D. Curry and R.D. Field and I.K. Furic and S.V. Gleyzer and B.M. Joshi and J. Konigsberg and A. Korytov and K. Kotov and P. Ma and K. Matchev and H. Mei and G. Mitselmakher and K. Shi and D. Sperka and N. Terentyev and L. Thomas and J. Wang and S. Wang and J. Yelton and Y.R. Joshi and S. Linn and P. Markowitz and J.L. Rodriguez and A. Ackert and T. Adams and A. Askew and S. Hagopian and V. Hagopian and K.F. Johnson and T. Kolberg and G. Martinez and T. Perry and H. Prosper and A. Saha and A. Santra and V. Sharma and R. Yohay and M.M. Baarmand and V. Bhopatkar and S. Colafranceschi and M. Hohlmann and D. Noonan and T. Roy and F. Yumiceva and M.R. Adams and L. Apanasevich and D. Berry and R.R. Betts and R. Cavanaugh and X. Chen and O. Evdokimov and C.E. Gerber and D.A. Hangal and D.J. Hofman and K. Jung and J. Kamin and I.D. Sandoval Gonzalez and M.B. Tonjes and H. Trauger and N. Varelas and H. Wang and Z. Wu and J. Zhang and B. Bilki and W. Clarida and K. Dilsiz and S. Durgut and R.P. Gandrajula and M. Haytmyradov and V. Khristenko and J.-P. Merlo and H. Mermerkaya and A. Mestvirishvili and A. Moeller and J. Nachtman and H. Ogul and Y. Onel and F. Ozok and A. Penzo and C. Snyder and E. Tiras and J. Wetzel and K. Yi and B. Blumenfeld and A. Cocoros and N. Eminizer and D. Fehling and L. Feng and A.V. Gritsan and P. Maksimovic and J. Roskes and U. Sarica and M. Swartz and M. Xiao and C. You and A. Al-bataineh and P. Baringer and A. Bean and S. Boren and J. Bowen and J. Castle and S. Khalil and A. Kropivnitskaya and D. Majumder and W. Mcbrayer and M. Murray and C. Royon and S. Sanders and E. Schmitz and J.D. Tapia Takaki and Q. Wang and A. Ivanov and K. Kaadze and Y. Maravin and A. Mohammadi and L.K. Saini and N. Skhirtladze and S. Toda and F. Rebassoo and D. Wright and C. Anelli and A. Baden and O. Baron and A.
 Belloni and S.C. Eno and Y. Feng and C. Ferraioli and N.J. Hadley and S. Jabeen and G.Y. Jeng and R.G. Kellogg and J. Kunkle and A.C. Mignerey and F. Ricci-Tam and Y.H. Shin and A. Skuja and S.C. Tonwar and D. Abercrombie and B. Allen and V. Azzolini and R. Barbieri and A. Baty and R. Bi and S. Brandt and W. Busza and I.A. Cali and M. D'Alfonso and Z. Demiragli and G. Gomez Ceballos and M. Goncharov and D. Hsu and M. Hu and Y. Iiyama and G.M. Innocenti and M. Klute and D. Kovalskyi and Y.-J. Lee and A. Levin and P.D. Luckey and B. Maier and A.C. Marini and C. Mcginn and C. Mironov and S. Narayanan and X. Niu and C. Paus and C. Roland and G. Roland and J. Salfeld-Nebgen and G.S.F. Stephans and K. Tatar and D. Velicanu and J. Wang and T.W. Wang and B. Wyslouch and A.C. Benvenuti and R.M. Chatterjee and A. Evans and P. Hansen and J. Hiltbrand and S. Kalafut and Y. Kubota and Z. Lesko and J. Mans and S. Nourbakhsh and N. Ruckstuhl and R. Rusack and J. Turkewitz and M.A. Wadud and J.G. Acosta and S. Oliveros and E. Avdeeva and K. Bloom and D.R. Claes and C. Fangmeier and R. Gonzalez Suarez and R. Kamalieddin and I. Kravchenko and J. Monroy and J.E. Siado and G.R. Snow and B. Stieger and J. Dolen and A. Godshalk and C. Harrington and I. Iashvili and D. Nguyen and A. Parker and S. Rappoccio and B. Roozbahani and G. Alverson and E. Barberis and C. Freer and A. Hortiangtham and A. Massironi and D.M. Morse and T. Orimoto and R. Teixeira De Lima and D. Trocino and T. Wamorkar and B. Wang and A. Wisecarver and D. Wood and S. Bhattacharya and O. Charaf and K.A. Hahn and N. Mucia and N. Odell and M.H. Schmitt and K. Sung and M. Trovato and M. Velasco and R. Bucci and N. Dev and M. Hildreth and K. Hurtado Anampa and C. Jessop and D.J. Karmgard and N. Kellams and K. Lannon and W. Li and N. Loukas and N. Marinelli and F. Meng and C. Mueller and Y. Musienko and M. Planer and A. Reinsvold and R. Ruchti and P. Siddireddy and G. Smith and S. Taroni and M. Wayne and A. Wightman and M. Wolf and A. Woodard and J. Alimena and L. Antonelli and B. Bylsma and L.S. Durkin and S. Flowers and B. Francis and A. Hart and C. Hill and W. Ji and B. Liu and W. Luo and B.L. Winer and H.W. Wulsin and S. Cooperstein and O. Driga and P. Elmer and J. Hardenbrook and P. Hebda and S. Higginbotham and A. Kalogeropoulos and D. Lange and J. Luo and D. Marlow and K. Mei and I. Ojalvo and J. Olsen and C. Palmer and P. Piroué and D. Stickland and C. Tully and S. Malik and S. Norberg and A. Barker and V.E. Barnes and S. Das and S. Folgueras and L. Gutay and M.K. Jha and M. Jones and A.W. Jung and A. Khatiwada and D.H. Miller and N. Neumeister and C.C. Peng and H. Qiu and J.F. Schulte and J. Sun and F. Wang and R. Xiao and W. Xie and T. Cheng and N. Parashar and J. Stupak and Z. Chen and K.M. Ecklund and S. Freed and F.J.M. Geurts and M. Guilbaud and M. Kilpatrick and W. Li and B. Michlin and B.P. Padley and J. Roberts and J. Rorie and W. Shi and Z. Tu and J. Zabel and A. Zhang and A. Bodek and P. de Barbaro and R. Demina and Y.t. Duh and T. Ferbel and M. Galanti and A. Garcia-Bellido and J. Han and O. Hindrichs and A. Khukhunaishvili and K.H. Lo and P. Tan and M. Verzetti and R. Ciesielski and K. Goulianos and C. Mesropian and A. Agapitos and J.P. Chou and Y. Gershtein and T.A. Gómez Espinosa and E. Halkiadakis and M. Heindl and E. Hughes and S. Kaplan and R. Kunnawalkam Elayavalli and S. Kyriacou and A. Lath and R. Montalvo and K. Nash and M. Osherson and H. Saka and S. Salur and S. Schnetzer and D. Sheffield and S. Somalwar and R. Stone and S. Thomas and P. Thomassen and M. Walker and A.G. Delannoy and M. Foerster and J. Heideman and G. Riley and K. Rose and S. Spanier and K. Thapa and O. Bouhali and A. Castaneda Hernandez and A. Celik and M. Dalchenko and M. De Mattia and A. Delgado and S. Dildick and R. Eusebi and J. Gilmore and T. Huang and T. Kamon and R. Mueller and Y. Pakhotin and R. Patel and A. Perloff and L. Perniè and D. Rathjens and A. Safonov and A. Tatarinov and K.A. Ulmer and N. Akchurin and J. Damgov and F. De Guio and P.R. Dudero and J. Faulkner and E. Gurpinar and S. Kunori and K. Lamichhane and S.W. Lee and T. Libeiro and T. Mengke and S. Muthumuni and T. Peltola and S. Undleeb and I. Volobouev and Z. Wang and S. Greene and A. Gurrola and R. Janjam and W. Johns and C. Maguire and A. Melo and H. Ni and K. Padeken and P. Sheldon and S. Tuo and J. Velkovska and Q. Xu and M.W. Arenton and P. Barria and B. Cox and R. Hirosky and M. Joyce and A. Ledovskoy and H. Li and C. Neu and T. Sinthuprasith and Y. Wang and E. Wolfe and F. Xia and R. Harr and P.E. Karchin and N. Poudyal and J. Sturdy and P. Thapa and S. Zaleski and M. Brodski and J. Buchanan and C. Caillol and S. Dasu and L. Dodd and S. Duric and B. Gomber and M. Grothe and M. Herndon and A. Hervé and U. Hussain and P. Klabbers and A. Lanaro and A. Levine and K. Long and R. Loveless and T. Ruggles and A. Savin and N. Smith and W.H. Smith and D. Taylor and N. Woods},
title = {Identification of heavy-flavour jets with the CMS detector in pp collisions at 13 TeV},
journal = {Journal of Instrumentation},
abstract = {Many measurements and searches for physics beyond the standard model at the LHC rely on the efficient identification of heavy-flavour jets, i.e. jets originating from bottom or charm quarks. In this paper, the discriminating variables and the algorithms used for heavy-flavour jet identification during the first years of operation of the CMS experiment in proton-proton collisions at a centre-of-mass energy of 13 TeV, are presented. Heavy-flavour jet identification algorithms have been improved compared to those used previously at centre-of-mass energies of 7 and 8 TeV. For jets with transverse momenta in the range expected in simulated t̄ events, these new developments result in an efficiency of 68% for the correct identification of a b jet for a probability of 1% of misidentifying a light-flavour jet. The improvement in relative efficiency at this misidentification probability is about 15%, compared to previous CMS algorithms. In addition, for the first time algorithms have been developed to identify jets containing two b hadrons in Lorentz-boosted event topologies, as well as to tag c jets. The large data sample recorded in 2016 at a centre-of-mass energy of 13 TeV has also allowed the development of new methods to measure the efficiency and misidentification probability of heavy-flavour jet identification algorithms. The b jet identification efficiency is measured with a precision of a few per cent at moderate jet transverse momenta (between 30 and 300 GeV) and about 5% at the highest jet transverse momenta (between 500 and 1000 GeV).}
}
