@article{Ai2021AFitting,
    title = {{A GPU-Based Kalman Filter for Track Fitting}},
    year = {2021},
    journal = {Computing and Software for Big Science},
    author = {Ai, Xiaocong and Mania, Georgiana and Gray, Heather M. and Kuhn, Michael and Styles, Nicholas},
    number = {1},
    month = {12},
    pages = {1--16},
    volume = {5},
    publisher = {Springer Nature},
    url = {https://link.springer.com/article/10.1007/s41781-021-00065-z},
    doi = {10.1007/S41781-021-00065-Z/FIGURES/17},
    issn = {25102044},
    arxivId = {2105.01796},
    keywords = {CUDA, GPU, OpenMP, Parallelization, Particle tracking, Track fitting}
}

@article{Chatrchyan2014DescriptionTracker,
    title = {{Description and performance of track and primary-vertex reconstruction with the CMS tracker}},
    year = {2014},
    journal = {Journal of Instrumentation},
    author = {Chatrchyan, S. and Khachatryan, V. and Sirunyan, A. M. and Tumasyan, A. and Adam, W. and Bergauer, T. and Dragicevic, M. and Er{\"{o}}, J. and Fabjan, C. and Friedl, M. and Fr{\"{u}}hwirth, R. and Ghete, V. M. and Hartl, C. and H{\"{o}}rmann, N. and Hrubec, J. and Jeitler, M. and Kiesenhofer, W. and Kn{\"{u}}nz, V. and Krammer, M. and Kr{\"{a}}tschmer, I. and Liko, D. and Mikulec, I. and Rabady, D. and Rahbaran, B. and Rohringer, H. and Sch{\"{o}}fbeck, R. and Strauss, J. and Taurok, A. and Treberer-Treberspurg, W. and Waltenberger, W. and Wulz, C. E. and Mossolov, V. and Shumeiko, N. and Suarez Gonzalez, J. and Alderweireldt, S. and Bansal, M. and Bansal, S. and Beaumont, W. and Cornelis, T. and De Wolf, E. A. and Janssen, X. and Knutsson, A. and Luyckx, S. and Mucibello, L. and Ochesanu, S. and Roland, B. and Rougny, R. and Van Haevermaet, H. and Van Mechelen, P. and Van Remortel, N. and Van Spilbeeck, A. and Blekman, F. and Blyweert, S. and D'Hondt, J. and Devroede, O. and Heracleous, N. and Kalogeropoulos, A. and Keaveney, J. and Kim, T. J. and Lowette, S. and Maes, M. and Olbrechts, A. and Python, Q. and Strom, D. and Tavernier, S. and Van Doninck, W. and Van Lancker, L. and Van Mulders, P. and Van Onsem, G. P. and Villella, I. and Caillol, C. and Clerbaux, B. and De Lentdecker, G. and Favart, L. and Gay, A. P.R. and L{\'{e}}onard, A. and Marage, P. E. and Mohammadi, A. and Perni{\`{e}}, L. and Reis, T. and Seva, T. and Thomas, L. and Vander Velde, C. and Vanlaer, P. and Wang, J. and Adler, V. and Beernaert, K. and Benucci, L. and Cimmino, A. and Costantini, S. and Crucy, S. and Dildick, S. and Garcia, G. and Klein, B. and Lellouch, J. and Mccartin, J. and Ocampo Rios, A. A. and Ryckbosch, D. and Salva Diblen, S. and Sigamani, M. and Strobbe, N. and Thyssen, F. and Tytgat, M. and Walsh, S. and Yazgan, E. and Zaganidis, N. and Basegmez, S. and Beluffi, C. and Bruno, G. and Castello, R. and Caudron, A. and Ceard, L. and Da Silveira, G. G. and De Callatay, B. and Delaere, C. and du Pree, T. and Favart, D. and Forthomme, L. and Giammanco, A. and Hollar, J. and Jez, P. and Komm, M. and Lemaitre, V. and Liao, J. and Michotte, D. and Militaru, O. and Nuttens, C. and Pagano, D. and Pin, A. and Piotrzkowski, K. and Popov, A. and Quertenmont, L. and Selvaggi, M. and Vidal Marono, M. and Vizan Garcia, J. M. and Beliy, N. and Caebergs, T. and Daubie, E. and Hammad, G. H. and Alves, G. A. and Correa Martins Junior, M. and Dos Reis Martins, T. and Pol, M. E. and Souza, M. H.G. and Ald{\'{a}} J{\'{u}}nior, W. L. and Carvalho, W. and Chinellato, J. and Cust{\'{o}}dio, A. and Da Costa, E. M. and De Jesus Damiao, D. and De Oliveira Martins, C. and Fonseca De Souza, S. and Malbouisson, H. and Malek, M. and Matos Figueiredo, D. and Mundim, L. and Nogima, H. and Prado Da Silva, W. L. and Santaolalla, J. and Santoro, A. and Sznajder, A. and Tonelli Manganote, E. J. and Vilela Pereira, A. and Bernardes, C. A. and Dias, F. A. and Fernandez Perez Tomei, T. R. and Gregores, E. M. and Mercadante, P. G. and Novaes, S. F. and Padula, Sandra S. and Genchev, V. and Iaydjiev, P. and Marinov, A. and Piperov, S. and Rodozov, M. and Sultanov, G. and Vutova, M. and Dimitrov, A. and Glushkov, I. and Hadjiiska, R. and Kozhuharov, V. and Litov, L. and Pavlov, B. and Petkov, P. and Bian, J. G. and Chen, G. M. and Chen, H. S. and Chen, M. and Du, R. and Jiang, C. H. and Liang, D. and Liang, S. and Meng, X. and Plestina, R. and Tao, J. and Wang, X. and Wang, Z. and Asawatangtrakuldee, C. and Ban, Y. and Guo, Y. and Li, Q. and Li, W. and Liu, S. and Mao, Y. and Qian, S. J. and Wang, D. and Zhang, L. and Zou, W. and Avila, C. and Carrillo Montoya, C. A. and Chaparro Sierra, L. F. and Florez, C. and Gomez, J. P. and Gomez Moreno, B. and Sanabria, J. C. and Godinovic, N. and Lelas, D. and Polic, D. and Puljak, I. and Antunovic, Z. and Kovac, M. and Brigljevic, V. and Kadija, K. and Luetic, J. and Mekterovic, D. and Morovic, S. and Sudic, L. and Attikis, A. and Mavromanolakis, G. and Mousa, J. and Nicolaou, C. and Ptochos, F. and Razis, P. A. and Finger, M. and Finger, M. and Abdelalim, A. A. and Assran, Y. and Elgammal, S. and Ellithi Kamel, A. and Mahmoud, M. A. and Radi, A. and Kadastik, M. and M{\"{u}}ntel, M. and Murumaa, M. and Raidal, M. and Rebane, L. and Tiko, A. and Eerola, P. and Fedi, G. and Voutilainen, M. and H{\"{a}}rk{\"{o}}nen, J. and Karim{\"{a}}ki, V. and Kinnunen, R. and Kortelainen, M. J. and Lamp{\'{e}}n, T. and Lassila-Perini, K. and Lehti, S. and Lind{\'{e}}n, T. and Luukka, P. and M{\"{a}}enp{\"{a}}{\"{a}}, T. and Peltola, T. and Tuominen, E. and Tuominiemi, J. and Tuovinen, E. and Wendland, L. and Tuuva, T. and Besancon, M. and Couderc, F. and Dejardin, M. and Denegri, D. and Fabbro, B. and Faure, J. L. and Ferri, F. and Ganjour, S. and Givernaud, A. and Gras, P. and Hamel de Monchenault, G. and Jarry, P. and Locci, E. and Malcles, J. and Nayak, A. and Rander, J. and Rosowsky, A. and Titov, M. and Baffioni, S. and Beaudette, F. and Busson, P. and Charlot, C. and Daci, N. and Dahms, T. and Dalchenko, M. and Dobrzynski, L. and Florent, A. and Granier de Cassagnac, R. and Min{\'{e}}, P. and Mironov, C. and Naranjo, I. N. and Nguyen, M. and Ochando, C. and Paganini, P. and Sabes, D. and Salerno, R. and Sauvan, J. B. and Sirois, Y. and Veelken, C. and Yilmaz, Y. and Zabi, A. and Agram, J. L. and Andrea, J. and Bloch, D. and Bonnin, C. and Brom, J. M. and Chabert, E. C. and Charles, L. and Collard, C. and Conte, E. and Drouhin, F. and Fontaine, J. C. and Gel{\'{e}}, D. and Goerlach, U. and Goetzmann, C. and Gross, L. and Juillot, P. and Le Bihan, A. C. and Van Hove, P. and Gadrat, S. and Baulieu, G. and Beauceron, S. and Beaupere, N. and Boudoul, G. and Brochet, S. and Chasserat, J. and Chierici, R. and Contardo, D. and Depasse, P. and El Mamouni, H. and Fan, J. and Fay, J. and Gascon, S. and Gouzevitch, M. and Ille, B. and Kurca, T. and Lethuillier, M. and Lumb, N. and Mathez, H. and Mirabito, L. and Perries, S. and Ruiz Alvarez, J. D. and Sgandurra, L. and Sordini, V. and Vander Donckt, M. and Verdier, P. and Viret, S. and Xiao, H. and Zoccarato, Y. and Tsamalaidze, Z. and Autermann, C. and Beranek, S. and Bontenackels, M. and Calpas, B. and Edelhoff, M. and Esser, H. and Feld, L. and Hindrichs, O. and Karpinski, W. and Klein, K. and Kukulies, C. and Lipinski, M. and Ostapchuk, A. and Perieanu, A. and Pierschel, G. and Preuten, M. and Raupach, F. and Sammet, J. and Schael, S. and Schulte, J. F. and Schwering, G. and Sprenger, D. and Verlage, T. and Weber, H. and Wittmer, B. and Wlochal, M. and Zhukov, V. and Ata, M. and Caudron, J. and Dietz-Laursonn, E. and Duchardt, D. and Erdmann, M. and Fischer, R. and G{\"{u}}th, A. and Hebbeker, T. and Heidemann, C. and Hoepfner, K. and Klingebiel, D. and Knutzen, S. and Kreuzer, P. and Merschmeyer, M. and Meyer, A. and Olschewski, M. and Padeken, K. and Papacz, P. and Reithler, H. and Schmitz, S. A. and Sonnenschein, L. and Teyssier, D. and Th{\"{u}}er, S. and Weber, M. and Cherepanov, V. and Erdogan, Y. and Fl{\"{u}}gge, G. and Geenen, H. and Geisler, M. and Haj Ahmad, W. and Hoehle, F. and Kargoll, B. and Kress, T. and Kuessel, Y. and Lingemann, J. and Nowack, A. and Nugent, I. M. and Perchalla, L. and Pistone, C. and Pooth, O. and Stahl, A. and Asin, I. and Bartosik, N. and Behr, J. and Behrenhoff, W. and Behrens, U. and Bell, A. J. and Bergholz, M. and Bethani, A. and Borras, K. and Burgmeier, A. and Cakir, A. and Calligaris, L. and Campbell, A. and Choudhury, S. and Costanza, F. and Diez Pardos, C. and Dolinska, G. and Dooling, S. and Dorland, T. and Eckerlin, G. and Eckstein, D. and Eichhorn, T. and Flucke, G. and Geiser, A. and Grebenyuk, A. and Gunnellini, P. and Habib, S. and Hampe, J. and Hansen, K. and Hauk, J. and Hellwig, G. and Hempel, M. and Horton, D. and Jung, H. and Kasemann, M. and Katsas, P. and Kieseler, J. and Kleinwort, C. and Korol, I. and Kr{\"{a}}mer, M. and Kr{\"{u}}cker, D. and Lange, W. and Leonard, J. and Lipka, K. and Lohmann, W. and Lutz, B. and Mankel, R. and Marfin, I. and Maser, H. and Melzer-Pellmann, I. A. and Meyer, A. B. and Mnich, J. and Muhl, C. and Mussgiller, A. and Naumann-Emme, S. and Novgorodova, O. and Nowak, F. and Ntomari, E. and Perrey, H. and Petrukhin, A. and Pitzl, D. and Placakyte, R. and Raspereza, A. and Ribeiro Cipriano, P. M. and Riedl, C. and Ron, E. and Sahin, M. and Salfeld-Nebgen, J. and Saxena, P. and Schmidt, R. and Schoerner-Sadenius, T. and Schr{\"{o}}der, M. and Spannagel, S. and Stein, M. and Vargas Trevino, A. D.R. and Walsh, R. and Wissing, C. and Zuber, A. and Aldaya Martin, M. and Berger, L. O. and Biskop, H. and Blobel, V. and Buhmann, P. and Centis Vignali, M. and Enderle, H. and Erfle, J. and Frensche, B. and Garutti, E. and Goebel, K. and G{\"{o}}rner, M. and Gosselink, M. and Haller, J. and Hoffmann, M. and H{\"{o}}ing, R. S. and Junkes, A. and Kirschenmann, H. and Klanner, R. and Kogler, R. and Lange, J. and Lapsien, T. and Lenz, T. and Maettig, S. and Marchesini, I. and Matysek, M. and Ott, J. and Peiffer, T. and Pietsch, N. and P{\"{o}}hlsen, T. and Rathjens, D. and Sander, C. and Schettler, H. and Schleper, P. and Schlieckau, E. and Schmidt, A. and Seidel, M. and Sibille, J. and Sola, V. and Stadie, H. and Steinbr{\"{u}}ck, G. and Troendle, D. and Usai, E. and Vanelderen, L. and Barth, C. and Barvich, T. and Baus, C. and Berger, J. and Boegelspacher, F. and B{\"{o}}ser, C. and Butz, E. and Chwalek, T. and Colombo, F. and De Boer, W. and Descroix, A. and Dierlamm, A. and Eber, R. and Feindt, M. and Guthoff, M. and Hartmann, F. and Hauth, T. and Heindl, S. M. and Held, H. and Hoffmann, K. H. and Husemann, U. and Katkov, I. and Kornmayer, A. and Kuznetsova, E. and Lobelle Pardo, P. and Martschei, D. and Mozer, M. U. and M{\"{u}}ller, Th and Niegel, M. and N{\"{u}}rnberg, A. and Oberst, O. and Printz, M. and Quast, G. and Rabbertz, K. and Ratnikov, F. and R{\"{o}}cker, S. and Schilling, F. P. and Schott, G. and Simonis, H. J. and Steck, P. and Stober, F. M. and Ulrich, R. and Wagner-Kuhr, J. and Wayand, S. and Weiler, T. and Wolf, R. and Zeise, M. and Anagnostou, G. and Daskalakis, G. and Geralis, T. and Kesisoglou, S. and Kyriakis, A. and Loukas, D. and Markou, A. and Markou, C. and Psallidas, A. and Topsis-Giotis, I. and Gouskos, L. and Panagiotou, A. and Saoulidou, N. and Stiliaris, E. and Aslanoglou, X. and Evangelou, I. and Flouris, G. and Foudas, C. and Jones, J. and Kokkas, P. and Manthos, N. and Papadopoulos, I. and Paradas, E. and Bencze, G. and Hajdu, C. and Hidas, P. and Horvath, D. and Sikler, F. and Veszpremi, V. and Vesztergombi, G. and Zsigmond, A. J. and Beni, N. and Czellar, S. and Molnar, J. and Palinkas, J. and Szillasi, Z. and Karancsi, J. and Raics, P. and Trocsanyi, Z. L. and Ujvari, B. and Swain, S. K. and Beri, S. B. and Bhatnagar, V. and Dhingra, N. and Gupta, R. and Kaur, M. and Mehta, M. Z. and Mittal, M. and Nishu, N. and Sharma, A. and Singh, J. B. and Kumar, Ashok and Kumar, Arun and Ahuja, S. and Bhardwaj, A. and Choudhary, B. C. and Kumar, A. and Malhotra, S. and Naimuddin, M. and Ranjan, K. and Sharma, V. and Shivpuri, R. K. and Banerjee, S. and Bhattacharya, S. and Chatterjee, K. and Dutta, S. and Gomber, B. and Jain, Sa and Jain, Sh and Khurana, R. and Modak, A. and Mukherjee, S. and Roy, D. and Sarkar, S. and Sharan, M. and Singh, A. P. and Abdulsalam, A. and Dutta, D. and Kailas, S. and Kumar, V. and Mohanty, A. K. and Pant, L. M. and Shukla, P. and Topkar, A. and Aziz, T. and Banerjee, S. and Chatterjee, R. M. and Dugad, S. and Ganguly, S. and Ghosh, S. and Guchait, M. and Gurtu, A. and Kole, G. and Kumar, S. and Maity, M. and Majumder, G. and Mazumdar, K. and Mohanty, G. B. and Parida, B. and Sudhakar, K. and Wickramage, N. and Arfaei, H. and Bakhshiansohi, H. and Behnamian, H. and Etesami, S. M. and Fahim, A. and Jafari, A. and Khakzad, M. and Mohammadi Najafabadi, M. and Naseri, M. and Paktinat Mehdiabadi, S. and Safarzadeh, B. and Zeinali, M. and Grunewald, M. and Abbrescia, M. and Barbone, L. and Calabria, C. and Cariola, P. and Chhibra, S. S. and Colaleo, A. and Creanza, D. and De Filippis, N. and De Palma, M. and De Robertis, G. and Fiore, L. and Franco, M. and Iaselli, G. and Loddo, F. and Maggi, G. and Maggi, M. and Marangelli, B. and My, S. and Nuzzo, S. and Pacifico, N. and Pompili, A. and Pugliese, G. and Radogna, R. and Sala, G. and Selvaggi, G. and Silvestris, L. and Singh, G. and Venditti, R. and Verwilligen, P. and Zito, G. and Abbiendi, G. and Benvenuti, A. C. and Bonacorsi, D. and Braibant-Giacomelli, S. and Brigliadori, L. and Campanini, R. and Capiluppi, P. and Castro, A. and Cavallo, F. R. and Codispoti, G. and Cuffiani, M. and Dallavalle, G. M. and Fabbri, F. and Fanfani, A. and Fasanella, D. and Giacomelli, P. and Grandi, C. and Guiducci, L. and Marcellini, S. and Masetti, G. and Meneghelli, M. and Montanari, A. and Navarria, F. L. and Odorici, F. and Perrotta, A. and Primavera, F. and Rossi, A. M. and Rovelli, T. and Siroli, G. P. and Tosi, N. and Travaglini, R. and Albergo, S. and Cappello, G. and Chiorboli, M. and Costa, S. and Giordano, F. and Potenza, R. and Saizu, M. A. and Scinta, M. and Tricomi, A. and Tuve, C. and Barbagli, G. and Brianzi, M. and Ciaranfi, R. and Ciulli, V. and Civinini, C. and D'Alessandro, R. and Focardi, E. and Gallo, E. and Gonzi, S. and Gori, V. and Lenzi, P. and Meschini, M. and Paoletti, S. and Scarlini, E. and Sguazzoni, G. and Tropiano, A. and Benussi, L. and Bianco, S. and Fabbri, F. and Piccolo, D. and Fabbricatore, P. and Ferretti, R. and Ferro, F. and Lo Vetere, M. and Musenich, R. and Robutti, E. and Tosi, S. and D'Angelo, P. and Dinardo, M. E. and Fiorendi, S. and Gennai, S. and Gerosa, R. and Ghezzi, A. and Govoni, P. and Lucchini, M. T. and Malvezzi, S. and Manzoni, R. A. and Martelli, A. and Marzocchi, B. and Menasce, D. and Moroni, L. and Paganoni, M. and Pedrini, D. and Ragazzi, S. and Redaelli, N. and Tabarelli de Fatis, T. and Buontempo, S. and Cavallo, N. and Di Guida, S. and Fabozzi, F. and Iorio, A. O.M. and Lista, L. and Meola, S. and Merola, M. and Paolucci, P. and Azzi, P. and Bacchetta, N. and Bellato, M. and Bisello, D. and Branca, A. and Carlin, R. and Checchia, P. and Dall'Osso, M. and Dorigo, T. and Galanti, M. and Gasparini, F. and Gasparini, U. and Giubilato, P. and Gozzelino, A. and Kanishchev, K. and Lacaprara, S. and Lazzizzera, I. and Margoni, M. and Meneguzzo, A. T. and Passaseo, M. and Pazzini, J. and Pegoraro, M. and Pozzobon, N. and Ronchese, P. and Simonetto, F. and Torassa, E. and Tosi, M. and Zotto, P. and Zucchetta, A. and Zumerle, G. and Gabusi, M. and Gaioni, L. and Manazza, A. and Manghisoni, M. and Ratti, L. and Ratti, S. P. and Re, V. and Riccardi, C. and Salvini, P. and Traversi, G. and Vitulo, P. and Zucca, S. and Biasini, M. and Bilei, G. M. and Bissi, L. and Checcucci, B. and Ciangottini, D. and Conti, E. and Fan{\`{o}}, L. and Lariccia, P. and Magalotti, D. and Mantovani, G. and Menichelli, M. and Passeri, D. and Placidi, P. and Romeo, F. and Saha, A. and Salvatore, M. and Santocchia, A. and Servoli, L. and Spiezia, A. and Androsov, K. and Arezzini, S. and Azzurri, P. and Bagliesi, G. and Basti, A. and Bernardini, J. and Boccali, T. and Bosi, F. and Broccolo, G. and Calzolari, F. and Castaldi, R. and Ciampa, A. and Ciocci, M. A. and Dell'Orso, R. and Donato, S. and Fiori, F. and Fo{\`{a}}, L. and Giassi, A. and Grippo, M. T. and Kraan, A. and Ligabue, F. and Lomtadze, T. and Magazzu, G. and Martini, L. and Mazzoni, E. and Messineo, A. and Moggi, A. and Moon, C. S. and Palla, F. and Raffaelli, F. and Rizzi, A. and Savoy-Navarro, A. and Serban, A. T. and Spagnolo, P. and Squillacioti, P. and Tenchini, R. and Tonelli, G. and Venturi, A. and Verdini, P. G. and Vernieri, C. and Barone, L. and Cavallari, F. and Del Re, D. and Diemoz, M. and Grassi, M. and Jorda, C. and Longo, E. and Margaroli, F. and Meridiani, P. and Micheli, F. and Nourbakhsh, S. and Organtini, G. and Paramatti, R. and Rahatlou, S. and Rovelli, C. and Soffi, L. and Traczyk, P. and Amapane, N. and Arcidiacono, R. and Argiro, S. and Arneodo, M. and Bellan, R. and Biino, C. and Cartiglia, N. and Casasso, S. and Costa, M. and Degano, A. and Demaria, N. and Mariotti, C. and Maselli, S. and Migliore, E. and Monaco, V. and Monteil, E. and Musich, M. and Obertino, M. M. and Ortona, G. and Pacher, L. and Pastrone, N. and Pelliccioni, M. and Potenza, A. and Rivetti, A. and Romero, A. and Ruspa, M. and Sacchi, R. and Solano, A. and Staiano, A. and Tamponi, U. and Trapani, P. P. and Belforte, S. and Candelise, V. and Casarsa, M. and Cossutti, F. and Della Ricca, G. and Gobbo, B. and La Licata, C. and Marone, M. and Montanino, D. and Penzo, A. and Schizzi, A. and Umer, T. and Zanetti, A. and Chang, S. and Kim, T. Y. and Nam, S. K. and Kim, D. H. and Kim, G. N. and Kim, J. E. and Kim, M. S. and Kong, D. J. and Lee, S. and Oh, Y. D. and Park, H. and Son, D. C. and Kim, J. Y. and Kim, Zero J. and Song, S. and Choi, S. and Gyun, D. and Hong, B. and Jo, M. and Kim, H. and Kim, Y. and Lee, K. S. and Park, S. K. and Roh, Y. and Choi, M. and Kim, J. H. and Park, C. and Park, I. C. and Park, S. and Ryu, G. and Choi, Y. and Choi, Y. K. and Goh, J. and Kwon, E. and Lee, B. and Lee, J. and Seo, H. and Yu, I. and Juodagalvis, A. and Komaragiri, J. R. and Castilla-Valdez, H. and De La Cruz-Burelo, E. and Heredia-de La Cruz, I. and Lopez-Fernandez, R. and Mart{\'{i}}nez-Ortega, J. and Sanchez-Hernandez, A. and Villasenor-Cendejas, L. M. and Carrillo Moreno, S. and Vazquez Valencia, F. and Salazar Ibarguen, H. A. and Casimiro Linares, E. and Morelos Pineda, A. and Krofcheck, D. and Butler, P. H. and Doesburg, R. and Reucroft, S. and Ahmad, A. and Ahmad, M. and Asghar, M. I. and Butt, J. and Hassan, Q. and Hoorani, H. R. and Khan, W. A. and Khurshid, T. and Qazi, S. and Shah, M. A. and Shoaib, M. and Bialkowska, H. and Bluj, M. and Boimska, B. and Frueboes, T. and G{\'{o}}rski, M. and Kazana, M. and Nawrocki, K. and Romanowska-Rybinska, K. and Szleper, M. and Wrochna, G. and Zalewski, P. and Brona, G. and Bunkowski, K. and Cwiok, M. and Dominik, W. and Doroba, K. and Kalinowski, A. and Konecki, M. and Krolikowski, J. and Misiura, M. and Wolszczak, W. and Bargassa, P. and Beir{\~{a}}o Da Cruz E Silva, C. and Faccioli, P. and Ferreira Parracho, P. G. and Gallinaro, M. and Nguyen, F. and Rodrigues Antunes, J. and Seixas, J. and Varela, J. and Vischia, P. and Bunin, P. and Gavrilenko, M. and Golutvin, I. and Gorbunov, I. and Kamenev, A. and Karjavin, V. and Konoplyanikov, V. and Kozlov, G. and Lanev, A. and Malakhov, A. and Matveev, V. and Moisenz, P. and Palichik, V. and Perelygin, V. and Shmatov, S. and Skatchkov, N. and Smirnov, V. and Zarubin, A. and Golovtsov, V. and Ivanov, Y. and Kim, V. and Levchenko, P. and Murzin, V. and Oreshkin, V. and Smirnov, I. and Sulimov, V. and Uvarov, L. and Vavilov, S. and Vorobyev, A. and Vorobyev, An and Andreev, Yu and Dermenev, A. and Gninenko, S. and Golubev, N. and Kirsanov, M. and Krasnikov, N. and Pashenkov, A. and Tlisov, D. and Toropin, A. and Epshteyn, V. and Gavrilov, V. and Lychkovskaya, N. and Popov, V. and Safronov, G. and Semenov, S. and Spiridonov, A. and Stolin, V. and Vlasov, E. and Zhokin, A. and Andreev, V. and Azarkin, M. and Dremin, I. and Kirakosyan, M. and Leonidov, A. and Mesyats, G. and Rusakov, S. V. and Vinogradov, A. and Belyaev, A. and Boos, E. and Dubinin, M. and Dudko, L. and Ershov, A. and Gribushin, A. and Kaminskiy, A. and Klyukhin, V. and Kodolova, O. and Lokhtin, I. and Obraztsov, S. and Petrushanko, S. and Savrin, V. and Azhgirey, I. and Bayshev, I. and Bitioukov, S. and Kachanov, V. and Kalinin, A. and Konstantinov, D. and Krychkine, V. and Petrov, V. and Ryutin, R. and Sobol, A. and Tourtchanovitch, L. and Troshin, S. and Tyurin, N. and Uzunian, A. and Volkov, A. and Adzic, P. and Dordevic, M. and Ekmedzic, M. and Milosevic, J. and Aguilar-Benitez, M. and Alcaraz Maestre, J. and Battilana, C. and Calvo, E. and Cerrada, M. and Chamizo Llatas, M. and Colino, N. and De La Cruz, B. and Delgado Peris, A. and Dom{\'{i}}nguez V{\'{a}}zquez, D. and Fernandez Bedoya, C. and Fern{\'{a}}ndez Ramos, J. P. and Ferrando, A. and Flix, J. and Fouz, M. C. and Garcia-Abia, P. and Gonzalez Lopez, O. and Goy Lopez, S. and Hernandez, J. M. and Josa, M. I. and Merino, G. and Navarro De Martino, E. and P{\'{e}}rez-Calero Yzquierdo, A. and Puerta Pelayo, J. and Quintario Olmeda, A. and Redondo, I. and Romero, L. and Soares, M. S. and Willmott, C. and Albajar, C. and de Troc{\'{o}}niz, J. F. and Missiroli, M. and Brun, H. and Cuevas, J. and Fernandez Menendez, J. and Folgueras, S. and Gonzalez Caballero, I. and Lloret Iglesias, L. and Brochero Cifuentes, J. A. and Cabrillo, I. J. and Calderon, A. and Duarte Campderros, J. and Fernandez, M. and Gomez, G. and Gonzalez Sanchez, J. and Graziano, A. and Jaramillo Echeverria, R. W. and Lopez Virto, A. and Marco, J. and Marco, R. and Martinez Rivero, C. and Matorras, F. and Moya, D. and Munoz Sanchez, F. J. and Piedra Gomez, J. and Rodrigo, T. and Rodr{\'{i}}guez-Marrero, A. Y. and Ruiz-Jimeno, A. and Scodellaro, L. and Vila, I. and Vilar Cortabitarte, R. and Abbaneo, D. and Ahmed, I. and Albert, E. and Auffray, E. and Auzinger, G. and Bachtis, M. and Baillon, P. and Ball, A. H. and Barney, D. and Benaglia, A. and Bendavid, J. and Benhabib, L. and Benitez, J. F. and Bernet, C. and Berruti, G. M. and Bianchi, G. and Blanchot, G. and Bloch, P. and Bocci, A. and Bonato, A. and Bondu, O. and Botta, C. and Breuker, H. and Camporesi, T. and Ceresa, D. and Cerminara, G. and Christiansen, J. and Christiansen, T. and Ch{\'{a}}vez Niemel{\"{a}}, A. O. and Coarasa Perez, J. A. and Colafranceschi, S. and D'Alfonso, M. and D'Auria, A. and d'Enterria, D. and Dabrowski, A. and Daguin, J. and David, A. and De Guio, F. and De Roeck, A. and De Visscher, S. and Detraz, S. and Deyrail, D. and Dobson, M. and Dupont-Sagorin, N. and Elliott-Peisert, A. and Eugster, J. and Faccio, F. and Felici, D. and Frank, N. and Franzoni, G. and Funk, W. and Giffels, M. and Gigi, D. and Gill, K. and Giordano, D. and Girone, M. and Giunta, M. and Glege, F. and Gomez- Reino Garrido, R. and Gowdy, S. and Guida, R. and Hammer, J. and Hansen, M. and Harris, P. and Honma, A. and Innocente, V. and Janot, P. and Kaplon, J. and Karavakis, E. and Katopodis, T. and Kottelat, L. J. and Kousouris, K. and Kov{\'{a}}cs, M. I. and Krajczar, K. and Krzempek, L. and Lecoq, P. and Louren{\c{c}}o, C. and Magini, N. and Malgeri, L. and Mannelli, M. and Marchioro, A. and Marconi, S. and Marques Pinho Noite, J. and Masetti, L. and Meijers, F. and Mersi, S. and Meschi, E. and Michelis, S. and Moll, M. and Moortgat, F. and Mulders, M. and Musella, P. and Onnela, A. and Orsini, L. and Pakulski, T. and Palencia Cortezon, E. and Pavis, S. and Perez, E. and Pernot, J. F. and Perrozzi, L. and Petagna, P. and Petrilli, A. and Petrucciani, G. and Pfeiffer, A. and Pierini, M. and Pimi{\"{a}}, M. and Piparo, D. and Plagge, M. and Postema, H. and Racz, A. and Reece, W. and Rolandi, G. and Rovere, M. and Rzonca, M. and Sakulin, H. and Santanastasio, F. and Sch{\"{a}}fer, C. and Schwick, C. and Sekmen, S. and Sharma, A. and Siegrist, P. and Silva, P. and Simon, M. and Sphicas, P. and Spiga, D. and Steggemann, J. and Stieger, B. and Stoye, M. and Szwarc, T. and Tropea, P. and Troska, J. and Tsirou, A. and Vasey, F. and Veres, G. I. and Verlaat, B. and Vichoudis, P. and Vlimant, J. R. and W{\"{o}}hri, H. K. and Zeuner, W. D. and Zwalinski, L. and Bertl, W. and Deiters, K. and Erdmann, W. and Horisberger, R. and Ingram, Q. and Kaestli, H. C. and K{\"{o}}nig, S. and Kotlinski, D. and Langenegger, U. and Meier, B. and Renker, D. and Rohe, T. and Streuli, S. and Bachmair, F. and B{\"{a}}ni, L. and Becker, R. and Bianchini, L. and Bortignon, P. and Buchmann, M. A. and Casal, B. and Chanon, N. and Da Silva Di Calafiori, D. R. and Deisher, A. and Dissertori, G. and Dittmar, M. and Djambazov, L. and Doneg{\`{a}}, M. and D{\"{u}}nser, M. and Eller, P. and Grab, C. and Hits, D. and Horisberger, U. and Hoss, J. and Lustermann, W. and Mangano, B. and Marini, A. C. and Martinez Ruiz del Arbol, P. and Masciovecchio, M. and Meister, D. and Mohr, N. and N{\"{a}}geli, C. and Nef, P. and Nessi-Tedaldi, F. and Pandolfi, F. and Pape, L. and Pauss, F. and Peruzzi, M. and Quittnat, M. and Ronga, F. J. and R{\"{o}}ser, U. and Rossini, M. and Starodumov, A. and Takahashi, M. and Tauschery, L. and Theofilatos, K. and Treille, D. and von Gunten, H. P. and Wallny, R. and Weber, H. A. and Amsler, C. and B{\"{o}}siger, K. and Canelli, M. F. and Chiochia, V. and De Cosa, A. and Favaro, C. and Hinzmann, A. and Hreus, T. and Ivova Rikova, M. and Kilminster, B. and Lange, C. and Maier, R. and Millan Mejias, B. and Ngadiuba, J. and Robmann, P. and Snoek, H. and Taroni, S. and Verzetti, M. and Yang, Y. and Cardaci, M. and Chen, K. H. and Ferro, C. and Kuo, C. M. and Li, S. W. and Lin, W. and Lu, Y. J. and Volpe, R. and Yu, S. S. and Bartalini, P. and Chang, P. and Chang, Y. H. and Chang, Y. W. and Chao, Y. and Chen, K. F. and Chen, P. H. and Dietz, C. and Grundler, U. and Hou, W. S. and Hsiung, Y. and Kao, K. Y. and Lei, Y. J. and Liu, Y. F. and Lu, R. S. and Majumder, D. and Petrakou, E. and Shi, X. and Shiu, J. G. and Tzeng, Y. M. and Wang, M. and Wilken, R. and Asavapibhop, B. and Suwonjandee, N. and Adiguzel, A. and Bakirci, M. N. and Cerci, S. and Dozen, C. and Dumanoglu, I. and Eskut, E. and Girgis, S. and Gokbulut, G. and Gurpinar, E. and Hos, I. and Kangal, E. E. and Kayis Topaksu, A. and Onengut, G. and Ozdemir, K. and Ozturk, S. and Polatoz, A. and Sogut, K. and Sunar Cerci, D. and Tali, B. and Topakli, H. and Vergili, M. and Akin, I. V. and Aliev, T. and Bilin, B. and Bilmis, S. and Deniz, M. and Gamsizkan, H. and Guler, A. M. and Karapinar, G. and Ocalan, K. and Ozpineci, A. and Serin, M. and Sever, R. and Surat, U. E. and Yalvac, M. and Zeyrek, M. and G{\"{u}}lmez, E. and Isildak, B. and Kaya, M. and Kaya, O. and Ozkorucuklu, S. and Bahtiyar, H. and Barlas, E. and Cankocak, K. and G{\"{u}}naydin, Y. O. and Vardarli, F. I. and Y{\"{u}}cel, M. and Levchuk, L. and Sorokin, P. and Brooke, J. J. and Clement, E. and Cussans, D. and Flacher, H. and Frazier, R. and Goldstein, J. and Grimes, M. and Heath, G. P. and Heath, H. F. and Jacob, J. and Kreczko, L. and Lucas, C. and Meng, Z. and Newbold, D. M. and Paramesvaran, S. and Poll, A. and Senkin, S. and Smith, V. J. and Williams, T. and Bell, K. W. and Belyaev, A. and Brew, C. and Brown, R. M. and Cockerill, D. J.A. and Coughlan, J. A. and Harder, K. and Harper, S. and Ilic, J. and Olaiya, E. and Petyt, D. and Shepherd-Themistocleous, C. H. and Thea, A. and Tomalin, I. R. and Womersley, W. J. and Worm, S. D. and Baber, M. and Bainbridge, R. and Buchmuller, O. and Burton, D. and Colling, D. and Cripps, N. and Cutajar, M. and Dauncey, P. and Davies, G. and Della Negra, M. and Ferguson, W. and Fulcher, J. and Futyan, D. and Gilbert, A. and Guneratne Bryer, A. and Hall, G. and Hatherell, Z. and Hays, J. and Iles, G. and Jarvis, M. and Karapostoli, G. and Kenzie, M. and Lane, R. and Lucas, R. and Lyons, L. and Magnan, A. M. and Marrouche, J. and Mathias, B. and Nandi, R. and Nash, J. and Nikitenko, A. and Pela, J. and Pesaresi, M. and Petridis, K. and Pioppi, M. and Raymond, D. M. and Rogerson, S. and Rose, A. and Seez, C. and Sharpy, P. and Sparrow, A. and Tapper, A. and Vazquez Acosta, M. and Virdee, T. and Wakefield, S. and Wardle, N. and Cole, J. E. and Hobson, P. R. and Khan, A. and Kyberd, P. and Leggat, D. and Leslie, D. and Martin, W. and Reid, I. D. and Symonds, P. and Teodorescu, L. and Turner, M. and Dittmann, J. and Hatakeyama, K. and Kasmi, A. and Liu, H. and Scarborough, T. and Charaf, O. and Cooper, S. I. and Henderson, C. and Rumerio, P. and Avetisyan, A. and Bose, T. and Fantasia, C. and Heister, A. and Lawson, P. and Lazic, D. and Richardson, C. and Rohlf, J. and Sperka, D. and St. John, J. and Sulak, L. and Alimena, J. and Bhattacharya, S. and Christopher, G. and Cutts, D. and Demiragli, Z. and Ferapontov, A. and Garabedian, A. and Heintz, U. and Jabeen, S. and Kukartsev, G. and Laird, E. and Landsberg, G. and Luk, M. and Narain, M. and Segala, M. and Sinthuprasith, T. and Speer, T. and Swanson, J. and Breedon, R. and Breto, G. and Calderon De La Barca Sanchez, M. and Chauhan, S. and Chertok, M. and Conway, J. and Conway, R. and Cox, P. T. and Erbacher, R. and Flores, C. and Gardner, M. and Ko, W. and Kopecky, A. and Lander, R. and Miceli, T. and Mulhearn, M. and Pellett, D. and Pilot, J. and Ricci-Tam, F. and Rutherford, B. and Searle, M. and Shalhout, S. and Smith, J. and Squires, M. and Thomson, J. and Tripathi, M. and Wilbur, S. and Yohay, R. and Andreev, V. and Cline, D. and Cousins, R. and Erhan, S. and Everaerts, P. and Farrell, C. and Felcini, M. and Hauser, J. and Ignatenko, M. and Jarvis, C. and Rakness, G. and Schleiny, P. and Takasugi, E. and Valuev, V. and Weber, M. and Babb, J. and Burt, K. and Clare, R. and Ellison, J. and Gary, J. W. and Hanson, G. and Heilman, J. and Jandir, P. and Lacroix, F. and Liu, H. and Long, O. R. and Luthra, A. and Malberti, M. and Nguyen, H. and Olmedo Negrete, M. and Shrinivas, A. and Sturdy, J. and Sumowidagdo, S. and Wimpenny, S. and Andrews, W. and Branson, J. G. and Cerati, G. B. and Cittolin, S. and D'Agnolo, R. T. and Evans, D. and Holzner, A. and Kelley, R. and Kovalskyi, D. and Lebourgeois, M. and Letts, J. and Macneill, I. and Padhi, S. and Palmer, C. and Pieri, M. and Sani, M. and Sharma, V. and Simon, S. and Sudano, E. and Tadel, M. and Tu, Y. and Vartak, A. and Wasserbaech, S. and W{\"{u}}rthwein, F. and Yagil, A. and Yoo, J. and Barge, D. and Bradmiller-Feld, J. and Campagnari, C. and Danielson, T. and Dishaw, A. and Flowers, K. and Franco Sevilla, M. and Geffert, P. and George, C. and Golf, F. and Incandela, J. and Justus, C. and Kyre, S. and Maga˜na Villalba, R. and Mccoll, N. and Mullin, S. D. and Pavlunin, V. and Richman, J. and Rossin, R. and Stuart, D. and To, W. and West, C. and White, D. and Apresyan, A. and Bornheim, A. and Bunn, J. and Chen, Y. and Di Marco, E. and Duarte, J. and Kcira, D. and Mott, A. and Newman, H. B. and Pena, C. and Rogan, C. and Spiropulu, M. and Timciuc, V. and Wilkinson, R. and Xie, S. and Zhu, R. Y. and Azzolini, V. and Calamba, A. and Carroll, R. and Ferguson, T. and Iiyama, Y. and Jang, D. W. and Paulini, M. and Russ, J. and Vogel, H. and Vorobiev, I. and Cumalat, J. P. and Drell, B. R. and Ford, W. T. and Gaz, A. and Luiggi Lopez, E. and Nauenberg, U. and Smith, J. G. and Stenson, K. and Ulmer, K. A. and Wagner, S. R. and Alexander, J. and Chatterjee, A. and Eggert, N. and Gibbons, L. K. and Hopkins, W. and Khukhunaishvili, A. and Kreis, B. and Mirman, N. and Nicolas Kaufman, G. and Patterson, J. R. and Ryd, A. and Salvati, E. and Sun, W. and Teo, W. D. and Thom, J. and Thompson, J. and Tucker, J. and Weng, Y. and Winstrom, L. and Wittich, P. and Winn, D. and Abdullin, S. and Albrow, M. and Anderson, J. and Apollinari, G. and Bauerdick, L. A.T. and Beretvas, A. and Berryhill, J. and Bhat, P. C. and Burkett, K. and Butler, J. N. and Chetluru, V. and Cheung, H. W.K. and Chlebana, F. and Chramowicz, J. and Cihangir, S. and Cooper, W. and Deptuch, G. and Derylo, G. and Elvira, V. D. and Fisk, I. and Freeman, J. and Gao, Y. and Gingu, V. C. and Gottschalk, E. and Gray, L. and Green, D. and Gr{\"{u}}nendahl, S. and Gutsche, O. and Hare, D. and Harris, R. M. and Hirschauer, J. and Hoff, J. R. and Hooberman, B. and Howell, J. and Hrycyk, M. and Jindariani, S. and Johnson, M. and Joshi, U. and Kaadze, K. and Klima, B. and Kwan, S. and Lei, C. M. and Linacre, J. and Lincoln, D. and Lipton, R. and Liu, T. and Los, S. and Lykken, J. and Maeshima, K. and Marraffino, J. M. and Martinez Outschoorn, V. I. and Maruyama, S. and Mason, D. and Matulik, M. S. and McBride, P. and Mishra, K. and Mrenna, S. and Musienko, Y. and Nahn, S. and Newman-Holmes, C. and O'Dell, V. and Prokofyev, O. and Prosser, A. and Ratnikova, N. and Rivera, R. and Sexton-Kennedy, E. and Sharma, S. and Spalding, W. J. and Spiegel, L. and Taylor, L. and Tkaczyk, S. and Tran, N. V. and Trimpl, M. and Uplegger, L. and Vaandering, E. W. and Vidal, R. and Voirin, E. and Whitbeck, A. and Whitmore, J. and Wu, W. and Yang, F. and Yun, J. C. and Acosta, D. and Avery, P. and Bourilkov, D. and Cheng, T. and Das, S. and De Gruttola, M. and Di Giovanni, G. P. and Dobur, D. and Field, R. D. and Fisher, M. and Fu, Y. and Furic, I. K. and Hugon, J. and Kim, B. and Konigsberg, J. and Korytov, A. and Kropivnitskaya, A. and Kypreos, T. and Low, J. F. and Matchev, K. and Milenovic, P. and Mitselmakher, G. and Muniz, L. and Rinkevicius, A. and Shchutska, L. and Skhirtladze, N. and Snowball, M. and Yelton, J. and Zakaria, M. and Gaultney, V. and Hewamanage, S. and Linn, S. and Markowitz, P. and Martinez, G. and Rodriguez, J. L. and Adams, T. and Askew, A. and Bochenek, J. and Chen, J. and Diamond, B. and Haas, J. and Hagopian, S. and Hagopian, V. and Johnson, K. F. and Prosper, H. and Veeraraghavan, V. and Weinberg, M. and Baarmand, M. M. and Dorney, B. and Hohlmann, M. and Kalakhety, H. and Yumiceva, F. and Adams, M. R. and Apanasevich, L. and Bazterra, V. E. and Betts, R. R. and Bucinskaite, I. and Cavanaugh, R. and Evdokimov, O. and Gauthier, L. and Gerber, C. E. and Hofman, D. J. and Kapustka, B. and Khalatyan, S. and Kurt, P. and Moon, D. H. and O'Brien, C. and Sandoval Gonzalez, I. D. and Silkworth, C. and Turner, P. and Varelas, N. and Akgun, U. and Albayrak, E. A. and Bilki, B. and Clarida, W. and Dilsiz, K. and Duru, F. and Haytmyradov, M. and Merlo, J. P. and Mermerkaya, H. and Mestvirishvili, A. and Moeller, A. and Nachtman, J. and Ogul, H. and Onel, Y. and Ozok, F. and Rahmat, R. and Sen, S. and Tan, P. and Tiras, E. and Wetzel, J. and Yetkin, T. and Yi, K. and Anderson, I. and Barnett, B. A. and Blumenfeld, B. and Bolognesi, S. and Fehling, D. and Gritsan, A. V. and Maksimovic, P. and Martin, C. and Nash, K. and Osherson, M. and Swartz, M. and Xiao, M. and Baringer, P. and Bean, A. and Benelli, G. and Gray, J. and Kenny, R. P. and Murray, M. and Noonan, D. and Sanders, S. and Sekaric, J. and Stringer, R. and Tinti, G. and Wang, Q. and Wood, J. S. and Barfuss, A. F. and Chakaberia, I. and Ivanov, A. and Khalil, S. and Makouski, M. and Maravin, Y. and Saini, L. K. and Shrestha, S. and Svintradze, I. and Taylor, R. and Toda, S. and Gronberg, J. and Lange, D. and Rebassoo, F. and Wright, D. and Baden, A. and Calvert, B. and Eno, S. C. and Gomez, J. A. and Hadley, N. J. and Kellogg, R. G. and Kolberg, T. and Lu, Y. and Marionneau, M. and Mignerey, A. C. and Pedro, K. and Skuja, A. and Temple, J. and Tonjes, M. B. and Tonwar, S. C. and Apyan, A. and Barbieri, R. and Bauer, G. and Busza, W. and Cali, I. A. and Chan, M. and Di Matteo, L. and Dutta, V. and Gomez Ceballos, G. and Goncharov, M. and Gulhan, D. and Klute, M. and Lai, Y. S. and Lee, Y. J. and Levin, A. and Luckey, P. D. and Ma, T. and Paus, C. and Ralph, D. and Roland, C. and Roland, G. and Stephans, G. S.F. and St{\"{o}}ckli, F. and Sumorok, K. and Velicanu, D. and Veverka, J. and Wyslouch, B. and Yang, M. and Yoon, A. S. and Zanetti, M. and Zhukova, V. and Dahmes, B. and De Benedetti, A. and Gude, A. and Kao, S. C. and Klapoetke, K. and Kubota, Y. and Mans, J. and Pastika, N. and Rusack, R. and Singovsky, A. and Tambe, N. and Turkewitz, J. and Acosta, J. G. and Cremaldi, L. M. and Kroeger, R. and Oliveros, S. and Perera, L. and Sanders, D. A. and Summers, D. and Avdeeva, E. and Bloom, K. and Bose, S. and Claes, D. R. and Dominguez, A. and Fangmeier, C. and Gonzalez Suarez, R. and Keller, J. and Knowlton, D. and Kravchenko, I. and Lazo-Flores, J. and Malik, S. and Meier, F. and Monroy, J. and Snow, G. R. and Dolen, J. and George, J. and Godshalk, A. and Iashvili, I. and Jain, S. and Kaisen, J. and Kharchilava, A. and Kumar, A. and Rappoccio, S. and Alverson, G. and Barberis, E. and Baumgartel, D. and Chasco, M. and Haley, J. and Massironi, A. and Nash, D. and Orimoto, T. and Trocino, D. and Wood, D. and Zhang, J. and Anastassov, A. and Hahn, K. A. and Kubik, A. and Lusito, L. and Mucia, N. and Odell, N. and Pollack, B. and Pozdnyakov, A. and Schmitt, M. and Sevova, S. and Stoynev, S. and Sung, K. and Trovato, M. and Velasco, M. and Won, S. and Berry, D. and Brinkerhoff, A. and Chan, K. M. and Drozdetskiy, A. and Hildreth, M. and Jessop, C. and Karmgard, D. J. and Kellams, N. and Kolb, J. and Lannon, K. and Luo, W. and Lynch, S. and Marinelli, N. and Morse, D. M. and Pearson, T. and Planer, M. and Ruchti, R. and Slaunwhite, J. and Valls, N. and Wayne, M. and Wolf, M. and Woodard, A. and Antonelli, L. and Bylsma, B. and Durkin, L. S. and Flowers, S. and Hill, C. and Hughes, R. and Kotov, K. and Ling, T. Y. and Puigh, D. and Rodenburg, M. and Smith, G. and Vuosalo, C. and Winer, B. L. and Wolfe, H. and Wulsin, H. W. and Berry, E. and Elmer, P. and Halyo, V. and Hebda, P. and Hegeman, J. and Hunt, A. and Jindal, P. and Koay, S. A. and Lujan, P. and Marlow, D. and Medvedeva, T. and Mooney, M. and Olsen, J. and Pirou{\'{e}}, P. and Quan, X. and Raval, A. and Saka, H. and Stickland, D. and Tully, C. and Werner, J. S. and Zenz, S. C. and Zuranski, A. and Brownson, E. and Lopez, A. and Mendez, H. and Ramirez Vargas, J. E. and Alagoz, E. and Arndt, K. and Benedetti, D. and Bolla, G. and Bortoletto, D. and Bubna, M. and Cervantes, M. and De Mattia, M. and Everett, A. and Hu, Z. and Jha, M. K. and Jones, M. and Jung, K. and Kress, M. and Leonardo, N. and Lopes Pegna, D. and Maroussov, V. and Merkel, P. and Miller, D. H. and Neumeister, N. and Radburn-Smith, B. C. and Shipsey, I. and Silvers, D. and Svyatkovskiy, A. and Wang, F. and Xie, W. and Xu, L. and Yoo, H. D. and Zablocki, J. and Zheng, Y. and Parashar, N. and Stupak, J. and Adair, A. and Akgun, B. and Ecklund, K. M. and Geurts, F. J.M. and Li, W. and Michlin, B. and Padley, B. P. and Redjimi, R. and Roberts, J. and Zabel, J. and Betchart, B. and Bodek, A. and Covarelli, R. and de Barbaro, P. and Demina, R. and Eshaq, Y. and Ferbel, T. and Garcia- Bellido, A. and Goldenzweig, P. and Han, J. and Harel, A. and Miner, D. C. and Petrillo, G. and Vishnevskiy, D. and Zielinski, M. and Bhatti, A. and Ciesielski, R. and Demortier, L. and Goulianos, K. and Lungu, G. and Malik, S. and Mesropian, C. and Arora, S. and Barker, A. and Bartz, E. and Chou, J. P. and Contreras-Campana, C. and Contreras-Campana, E. and Duggan, D. and Ferencek, D. and Gershtein, Y. and Gray, R. and Halkiadakis, E. and Hidas, D. and Lath, A. and Panwalkar, S. and Park, M. and Patel, R. and Rekovic, V. and Robles, J. and Salur, S. and Schnetzer, S. and Seitz, C. and Somalwar, S. and Stone, R. and Thomas, S. and Thomassen, P. and Walker, M. and Rose, K. and Spanier, S. and Yang, Z. C. and York, A. and Bouhali, O. and Eusebi, R. and Flanagan, W. and Gilmore, J. and Kamon, T. and Khotilovich, V. and Krutelyov, V. and Montalvo, R. and Osipenkov, I. and Pakhotin, Y. and Perloff, A. and Roe, J. and Safonov, A. and Sakuma, T. and Suarez, I. and Tatarinov, A. and Toback, D. and Akchurin, N. and Cowden, C. and Damgov, J. and Dragoiu, C. and Dudero, P. R. and Faulkner, J. and Kovitanggoon, K. and Kunori, S. and Lee, S. W. and Libeiro, T. and Volobouev, I. and Appelt, E. and Delannoy, A. G. and Greene, S. and Gurrola, A. and Johns, W. and Maguire, C. and Mao, Y. and Melo, A. and Sharma, M. and Sheldon, P. and Snook, B. and Tuo, S. and Velkovska, J. and Arenton, M. W. and Boutle, S. and Cox, B. and Francis, B. and Goodell, J. and Hirosky, R. and Ledovskoy, A. and Lin, C. and Neu, C. and Wood, J. and Gollapinni, S. and Harr, R. and Karchin, P. E. and Kottachchi Kankanamge Don, C. and Lamichhane, P. and Belknap, D. A. and Borrello, L. and Carlsmith, D. and Cepeda, M. and Dasu, S. and Duric, S. and Friis, E. and Grothe, M. and Hall-Wilton, R. and Herndon, M. and Herv{\'{e}}, A. and Klabbers, P. and Klukas, J. and Lanaro, A. and Levine, A. and Loveless, R. and Mohapatra, A. and Ojalvo, I. and Palmonari, F. and Perry, T. and Pierro, G. A. and Polese, G. and Ross, I. and Sakharov, A. and Sarangi, T. and Savin, A. and Smith, W. H. and Woods, N.},
    number = {10},
    month = {5},
    pages = {P10009},
    volume = {9},
    publisher = {Institute of Physics Publishing},
    url = {https://cds.cern.ch/record/1704291},
    doi = {10.1088/1748-0221/9/10/P10009},
    issn = {17480221},
    arxivId = {1405.6569},
    keywords = {Large detectorsystems performance, Pattern recognition, cluster finding, calibration and fitting methods, Performance of High Energy Physics Detectors}
}

@article{Sirunyan2017Particle-flowDetector,
    title = {{Particle-flow reconstruction and global event description with the CMS detector}},
    year = {2017},
    journal = {Journal of Instrumentation},
    author = {Sirunyan, A. M. and Tumasyan, A. and Adam, W. and Asilar, E. and Bergauer, T. and Brandstetter, J. and Brondolin, E. and Dragicevic, M. and Er{\"{o}}, J. and Flechl, M. and Friedl, M. and Fr{\"{u}}hwirth, R. and Ghete, V. M. and Hartl, C. and H{\"{o}}rmann, N. and Hrubec, J. and Jeitler, M. and K{\"{o}}nig, A. and Kr{\"{a}}tschmer, I. and Liko, D. and Matsushita, T. and Mikulec, I. and Rabady, D. and Rad, N. and Rahbaran, B. and Rohringer, H. and Schieck, J. and Strauss, J. and Waltenberger, W. and Wulz, C. E. and Dvornikov, O. and Makarenko, V. and Mossolov, V. and Gonzalez, J. Suarez and Zykunov, V. and Shumeiko, N. and Alderweireldt, S. and Wolf, E. A.De and Janssen, X. and Lauwers, J. and Klundert, M. Van De and Haevermaet, H. Van and Mechelen, P. Van and Remortel, N. Van and Spilbeeck, A. Van and Zeid, S. Abu and Blekman, F. and D'Hondt, J. and Daci, N. and Bruyn, I. De and Deroover, K. and Lowette, S. and Moortgat, S. and Moreels, L. and Olbrechts, A. and Python, Q. and Skovpen, K. and Tavernier, S. and Doninck, W. Van and Mulders, P. Van and Parijs, I. Van and Brun, H. and Clerbaux, B. and Lentdecker, G. De and Delannoy, H. and Fasanella, G. and Favart, L. and Goldouzian, R. and Grebenyuk, A. and Karapostoli, G. and Lenzi, T. and L{\'{e}}onard, A. and Luetic, J. and Maerschalk, T. and Marinov, A. and Randle-Conde, A. and Seva, T. and Velde, C. Vander and Vanlaer, P. and Vannerom, D. and Yonamine, R. and Zenoni, F. and Zhang, F. and Cornelis, T. and Dobur, D. and Fagot, A. and Gul, M. and Khvastunov, I. and Poyraz, D. and Salva, S. and Sch{\"{o}}fbeck, R. and Tytgat, M. and Driessche, W. Van and Yazgan, E. and Zaganidis, N. and Bakhshiansohi, H. and Bondu, O. and Brochet, S. and Bruno, G. and Caudron, A. and Visscher, S. De and Delaere, C. and Delcourt, M. and Francois, B. and Giammanco, A. and Jafari, A. and Komm, M. and Krintiras, G. and Lemaitre, V. and Magitteri, A. and Mertens, A. and Musich, M. and Piotrzkowski, K. and Quertenmont, L. and Selvaggi, M. and Marono, M. Vidal and Wertz, S. and Beliy, N. and J{\'{u}}nior, W. L.Aldá and Alves, F. L. and Alves, G. A. and Brito, L. and Hensel, C. and Moraes, A. and Pol, M. E. and Teles, P. Rebello and Chagas, E. Belchior Batista Das and Carvalho, W. and Chinellato, J. and Cust{\'{o}}dio, A. and Costa, E. M.Da and Silveira, G. G.Da and Damiao, D. De Jesus and Martins, C. De Oliveira and Souza, S. Fonseca De and Guativa, L. M.Huertas and Malbouisson, H. and Figueiredo, D. Matos and Herrera, C. Mora and Mundim, L. and Nogima, H. and Silva, W. L.Prado Da and Santoro, A. and Sznajder, A. and Manganote, E. J.Tonelli and Araujo, F. Torres Da Silva De and Pereira, A. Vilela and Ahuja, S. and Bernardes, C. A. and Dogra, S. and Tomei, T. R.Fernandez Perez and Gregores, E. M. and Mercadante, P. G. and Moon, C. S. and Novaes, S. F. and Padula, Sandra S. and Abad, D. Romero and Vargas, J. C.Ruiz and Aleksandrov, A. and Hadjiiska, R. and Iaydjiev, P. and Rodozov, M. and Stoykova, S. and Sultanov, G. and Vutova, M. and Dimitrov, A. and Glushkov, I. and Litov, L. and Pavlov, B. and Petkov, P. and Fang, W. and Ahmad, M. and Bian, J. G. and Chen, G. M. and Chen, H. S. and Chen, M. and Chen, Y. and Cheng, T. and Jiang, C. H. and Leggat, D. and Liu, Z. and Romeo, F. and Ruan, M. and Shaheen, S. M. and Spiezia, A. and Tao, J. and Wang, C. and Wang, Z. and Zhang, H. and Zhao, J. and Ban, Y. and Chen, G. and Li, Q. and Liu, S. and Mao, Y. and Qian, S. J. and Wang, D. and Xu, Z. and Avila, C. and Cabrera, A. and Sierra, L. F.Chaparro and Florez, C. and Gomez, J. P. and Hern{\'{a}}ndez, C. F.González and Alvarez, J. D.Ruiz and Sanabria, J. C. and Godinovic, N. and Lelas, D. and Puljak, I. and Cipriano, P. M.Ribeiro and Sculac, T. and Antunovic, Z. and Kovac, M. and Brigljevic, V. and Ferencek, D. and Kadija, K. and Mesic, B. and Susa, T. and Ather, M. W. and Attikis, A. and Mavromanolakis, G. and Mousa, J. and Nicolaou, C. and Ptochos, F. and Razis, P. A. and Rykaczewski, H. and Finger, M. and Finger, M. and Jarrin, E. Carrera and El-Khateeb, E. and Elgammal, S. and Mohamed, A. and Kadastik, M. and Perrini, L. and Raidal, M. and Tiko, A. and Veelken, C. and Eerola, P. and Pekkanen, J. and Voutilainen, M. and H{\"{a}}rk{\"{o}}nen, J. and J{\"{a}}rvinen, T. and Karim{\"{a}}ki, V. and Kinnunen, R. and Lamp{\'{e}}n, T. and Lassila-Perini, K. and Lehti, S. and Lind{\'{e}}n, T. and Luukka, P. and Tuominiemi, J. and Tuovinen, E. and Wendland, L. and Talvitie, J. and Tuuva, T. and Besancon, M. and Couderc, F. and Dejardin, M. and Denegri, D. and Fabbro, B. and Faure, J. L. and Favaro, C. and Ferri, F. and Ganjour, S. and Ghosh, S. and Givernaud, A. and Gras, P. and De Monchenault, G. Hamel and Jarry, P. and Kucher, I. and Locci, E. and Machet, M. and Malcles, J. and Rander, J. and Rosowsky, A. and Titov, M. and Abdulsalam, A. and Antropov, I. and Baffioni, S. and Beaudette, F. and Busson, P. and Cadamuro, L. and Chapon, E. and Charlot, C. and Davignon, O. and De Cassagnac, R. Granier and Jo, M. and Lisniak, S. and Min{\'{e}}, P. and Nguyen, M. and Ochando, C. and Ortona, G. and Paganini, P. and Pigard, P. and Regnard, S. and Salerno, R. and Sirois, Y. and Leiton, A. G.Stahl and Strebler, T. and Yilmaz, Y. and Zabi, A. and Zghiche, A. and Agram, J. L. and Andrea, J. and Bloch, D. and Brom, J. M. and Buttignol, M. and Chabert, E. C. and Chanon, N. and Collard, C. and Conte, E. and Coubez, X. and Fontaine, J. C. and Gel{\'{e}}, D. and Goerlach, U. and Bihan, A. C.Le and Hove, P. Van and Gadrat, S. and Beauceron, S. and Bernet, C. and Boudoul, G. and Montoya, C. A.Carrillo and Chierici, R. and Contardo, D. and Courbon, B. and Depasse, P. and Mamouni, H. El and Fay, J. and Gascon, S. and Gouzevitch, M. and Grenier, G. and Ille, B. and Lagarde, F. and Laktineh, I. B. and Lethuillier, M. and Mirabito, L. and Pequegnot, A. L. and Perries, S. and Popov, A. and Sordini, V. and Donckt, M. Vander and Verdier, P. and Viret, S. and Toriashvili, T. and Tsamalaidze, Z. and Autermann, C. and Beranek, S. and Feld, L. and Kiesel, M. K. and Klein, K. and Lipinski, M. and Preuten, M. and Schomakers, C. and Schulz, J. and Verlage, T. and Albert, A. and Brodski, M. and Dietz-Laursonn, E. and Duchardt, D. and Endres, M. and Erdmann, M. and Erdweg, S. and Esch, T. and Fischer, R. and G{\"{u}}th, A. and Hamer, M. and Hebbeker, T. and Heidemann, C. and Hoepfner, K. and Knutzen, S. and Merschmeyer, M. and Meyer, A. and Millet, P. and Mukherjee, S. and Olschewski, M. and Padeken, K. and Pook, T. and Radziej, M. and Reithler, H. and Rieger, M. and Scheuch, F. and Sonnenschein, L. and Teyssier, D. and Th{\"{u}}er, S. and Cherepanov, V. and Fl{\"{u}}gge, G. and Kargoll, B. and Kress, T. and K{\"{u}}nsken, A. and Lingemann, J. and M{\"{u}}ller, T. and Nehrkorn, A. and Nowack, A. and Pistone, C. and Pooth, O. and Stahl, A. and Martin, M. Aldaya and Arndt, T. and Asawatangtrakuldee, C. and Beernaert, K. and Behnke, O. and Behrens, U. and Anuar, A. A.Bin and Borras, K. and Campbell, A. and Connor, P. and Contreras-Campana, C. and Costanza, F. and Pardos, C. Diez and Dolinska, G. and Eckerlin, G. and Eckstein, D. and Eichhorn, T. and Eren, E. and Gallo, E. and Garcia, J. Garay and Geiser, A. and Gizhko, A. and Luyando, J. M.Grados and Grohsjean, A. and Gunnellini, P. and Harb, A. and Hauk, J. and Hempel, M. and Jung, H. and Kalogeropoulos, A. and Karacheban, O. and Kasemann, M. and Keaveney, J. and Kleinwort, C. and Korol, I. and Kr{\"{u}}cker, D. and Lange, W. and Lelek, A. and Lenz, T. and Leonard, J. and Lipka, K. and Lobanov, A. and Lohmann, W. and Mankel, R. and Melzer-Pellmann, I. A. and Meyer, A. B. and Mittag, G. and Mnich, J. and Mussgiller, A. and Pitzl, D. and Placakyte, R. and Raspereza, A. and Roland, B. and Sahin, M. O. and Saxena, P. and Schoerner-Sadenius, T. and Spannagel, S. and Stefaniuk, N. and Onsem, G. P.Van and Walsh, R. and Wissing, C. and Blobel, V. and Vignali, M. Centis and Draeger, A. R. and Dreyer, T. and Garutti, E. and Gonzalez, D. and Haller, J. and Hoffmann, M. and Junkes, A. and Klanner, R. and Kogler, R. and Kovalchuk, N. and Kurz, S. and Lapsien, T. and Marchesini, I. and Marconi, D. and Meyer, M. and Niedziela, M. and Nowatschin, D. and Pantaleo, F. and Peiffer, T. and Perieanu, A. and Scharf, C. and Schleper, P. and Schmidt, A. and Schumann, S. and Schwandt, J. and Sonneveld, J. and Stadie, H. and Steinbr{\"{u}}ck, G. and Stober, F. M. and St{\"{o}}ver, M. and Tholen, H. and Troendle, D. and Usai, E. and Vanelderen, L. and Vanhoefer, A. and Vormwald, B. and Akbiyik, M. and Barth, C. and Baur, S. and Baus, C. and Berger, J. and Butz, E. and Caspart, R. and Chwalek, T. and Colombo, F. and Boer, W. De and Dierlamm, A. and Fink, S. and Freund, B. and Friese, R. and Giffels, M. and Gilbert, A. and Goldenzweig, P. and Haitz, D. and Hartmann, F. and Heindl, S. M. and Husemann, U. and Kassel, F. and Katkov, I. and Kudella, S. and Mildner, H. and Mozer, M. U. and M{\"{u}}ller, Th and Plagge, M. and Quast, G. and Rabbertz, K. and R{\"{o}}cker, S. and Roscher, F. and Schr{\"{o}}der, M. and Shvetsov, I. and Sieber, G. and Simonis, H. J. and Ulrich, R. and Wayand, S. and Weber, M. and Weiler, T. and Williamson, S. and W{\"{o}}hrmann, C. and Wolf, R. and Anagnostou, G. and Daskalakis, G. and Geralis, T. and Giakoumopoulou, V. A. and Kyriakis, A. and Loukas, D. and Topsis-Giotis, I. and Kesisoglou, S. and Panagiotou, A. and Saoulidou, N. and Tziaferi, E. and Evangelou, I. and Flouris, G. and Foudas, C. and Kokkas, P. and Loukas, N. and Manthos, N. and Papadopoulos, I. and Paradas, E. and Filipovic, N. and Pasztor, G. and Bencze, G. and Hajdu, C. and Horvath, D. and Sikler, F. and Veszpremi, V. and Vesztergombi, G. and Zsigmond, A. J. and Beni, N. and Czellar, S. and Karancsi, J. and Makovec, A. and Molnar, J. and Szillasi, Z. and Bart{\'{o}}k, M. and Raics, P. and Trocsanyi, Z. L. and Ujvari, B. and Choudhury, S. and Komaragiri, J. R. and Bahinipati, S. and Bhowmik, S. and Mal, P. and Mandal, K. and Nayak, A. and Sahoo, D. K. and Sahoo, N. and Swain, S. K. and Bansal, S. and Beri, S. B. and Bhatnagar, V. and Bhawandeep, U. and Chawla, R. and Kalsi, A. K. and Kaur, A. and Kaur, M. and Kumar, R. and Kumari, P. and Mehta, A. and Mittal, M. and Singh, J. B. and Walia, G. and Kumar, Ashok and Bhardwaj, A. and Choudhary, B. C. and Garg, R. B. and Keshri, S. and Kumar, A. and Malhotra, S. and Naimuddin, M. and Ranjan, K. and Sharma, R. and Sharma, V. and Bhattacharya, R. and Bhattacharya, S. and Chatterjee, K. and Dey, S. and Dutt, S. and Dutta, S. and Ghosh, S. and Majumdar, N. and Modak, A. and Mondal, K. and Mukhopadhyay, S. and Nandan, S. and Purohit, A. and Roy, A. and Roy, D. and Chowdhury, S. Roy and Sarkar, S. and Sharan, M. and Thakur, S. and Behera, P. K. and Chudasama, R. and Dutta, D. and Jha, V. and Kumar, V. and Mohanty, A. K. and Netrakanti, P. K. and Pant, L. M. and Shukla, P. and Topkar, A. and Aziz, T. and Dugad, S. and Kole, G. and Mahakud, B. and Mitra, S. and Mohanty, G. B. and Parida, B. and Sur, N. and Sutar, B. and Banerjee, S. and Dewanjee, R. K. and Ganguly, S. and Guchait, M. and Jain, Sa and Kumar, S. and Maity, M. and Majumder, G. and Mazumdar, K. and Sarkar, T. and Wickramage, N. and Chauhan, S. and Dube, S. and Hegde, V. and Kapoor, A. and Kothekar, K. and Pandey, S. and Rane, A. and Sharma, S. and Chenarani, S. and Tadavani, E. Eskandari and Etesami, S. M. and Khakzad, M. and Najafabadi, M. Mohammadi and Naseri, M. and Mehdiabadi, S. Paktinat and Hosseinabadi, F. Rezaei and Safarzadeh, B. and Zeinali, M. and Felcini, M. and Grunewald, M. and Abbrescia, M. and Calabria, C. and Caputo, C. and Colaleo, A. and Creanza, D. and Cristella, L. and Filippis, N. De and Palma, M. De and Fiore, L. and Iaselli, G. and Maggi, G. and Maggi, M. and Miniello, G. and My, S. and Nuzzo, S. and Pompili, A. and Pugliese, G. and Radogna, R. and Ranieri, A. and Selvaggi, G. and Sharma, A. and Silvestris, L. and Venditti, R. and Verwilligen, P. and Abbiendi, G. and Battilana, C. and Bonacorsi, D. and Braibant-Giacomelli, S. and Brigliadori, L. and Campanini, R. and Capiluppi, P. and Castro, A. and Cavallo, F. R. and Chhibra, S. S. and Codispoti, G. and Cuffiani, M. and Dallavalle, G. M. and Fabbri, F. and Fanfani, A. and Fasanella, D. and Giacomelli, P. and Grandi, C. and Guiducci, L. and Marcellini, S. and Masetti, G. and Montanari, A. and Navarria, F. L. and Perrotta, A. and Rossi, A. M. and Rovelli, T. and Siroli, G. P. and Tosi, N. and Albergo, S. and Costa, S. and Mattia, A. Di and Giordano, F. and Potenza, R. and Tricomi, A. and Tuve, C. and Barbagli, G. and Ciulli, V. and Civinini, C. and D'Alessandro, R. and Focardi, E. and Lenzi, P. and Meschini, M. and Paoletti, S. and Russo, L. and Sguazzoni, G. and Strom, D. and Viliani, L. and Benussi, L. and Bianco, S. and Fabbri, F. and Piccolo, D. and Primavera, F. and Calvelli, V. and Ferro, F. and Monge, M. R. and Robutti, E. and Tosi, S. and Brianza, L. and Brivio, F. and Ciriolo, V. and Dinardo, M. E. and Fiorendi, S. and Gennai, S. and Ghezzi, A. and Govoni, P. and Malberti, M. and Malvezzi, S. and Manzoni, R. A. and Menasce, D. and Moroni, L. and Paganoni, M. and Pedrini, D. and Pigazzini, S. and Ragazzi, S. and De Fatis, T. Tabarelli and Buontempo, S. and Cavallo, N. and Nardo, G. De and Guida, S. Di and Esposito, M. and Fabozzi, F. and Fienga, F. and Iorio, A. O.M. and Lanza, G. and Lista, L. and Meola, S. and Paolucci, P. and Sciacca, C. and Thyssen, F. and Azzi, P. and Bacchetta, N. and Benato, L. and Bisello, D. and Boletti, A. and Carlin, R. and Oliveira, A. Carvalho Antunes De and Checchia, P. and Dall'Osso, M. and Manzano, P. De Castro and Dorigo, T. and Gozzelino, A. and Lacaprara, S. and Margoni, M. and Meneguzzo, A. T. and Passaseo, M. and Pazzini, J. and Pozzobon, N. and Ronchese, P. and Rossin, R. and Simonetto, F. and Torassa, E. and Ventura, S. and Zanetti, M. and Zotto, P. and Zumerle, G. and Braghieri, A. and Fallavollita, F. and Magnani, A. and Montagna, P. and Ratti, S. P. and Re, V. and Ressegotti, M. and Riccardi, C. and Salvini, P. and Vai, I. and Vitulo, P. and Solestizi, L. Alunni and Bilei, G. M. and Ciangottini, D. and Fan{\`{o}}, L. and Lariccia, P. and Leonardi, R. and Mantovani, G. and Mariani, V. and Menichelli, M. and Saha, A. and Santocchia, A. and Androsov, K. and Azzurri, P. and Bagliesi, G. and Bernardini, J. and Boccali, T. and Castaldi, R. and Ciocci, M. A. and Dell'Orso, R. and Fedi, G. and Giassi, A. and Grippo, M. T. and Ligabue, F. and Lomtadze, T. and Martini, L. and Messineo, A. and Palla, F. and Rizzi, A. and Savoy-Navarro, A. and Spagnolo, P. and Tenchini, R. and Tonelli, G. and Venturi, A. and Verdini, P. G. and Barone, L. and Cavallari, F. and Cipriani, M. and Re, D. Del and Diemoz, M. and Gelli, S. and Longo, E. and Margaroli, F. and Marzocchi, B. and Meridiani, P. and Organtini, G. and Paramatti, R. and Preiato, F. and Rahatlou, S. and Rovelli, C. and Santanastasio, F. and Amapane, N. and Arcidiacono, R. and Argiro, S. and Arneodo, M. and Bartosik, N. and Bellan, R. and Biino, C. and Cartiglia, N. and Cenna, F. and Costa, M. and Covarelli, R. and Degano, A. and Demaria, N. and Finco, L. and Kiani, B. and Mariotti, C. and Maselli, S. and Migliore, E. and Monaco, V. and Monteil, E. and Monteno, M. and Obertino, M. M. and Pacher, L. and Pastrone, N. and Pelliccioni, M. and Angioni, G. L.Pinna and Ravera, F. and Romero, A. and Ruspa, M. and Sacchi, R. and Shchelina, K. and Sola, V. and Solano, A. and Staiano, A. and Traczyk, P. and Belforte, S. and Casarsa, M. and Cossutti, F. and Ricca, G. Della and Zanetti, A. and Kim, D. H. and Kim, G. N. and Kim, M. S. and Lee, S. and Lee, S. W. and Oh, Y. D. and Sekmen, S. and Son, D. C. and Yang, Y. C. and Lee, A. and Kim, H. and Cifuentes, J. A.Brochero and Kim, T. J. and Cho, S. and Choi, S. and Go, Y. and Gyun, D. and Ha, S. and Hong, B. and Jo, Y. and Kim, Y. and Lee, K. and Lee, K. S. and Lee, S. and Lim, J. and Park, S. K. and Roh, Y. and Almond, J. and Kim, J. and Lee, H. and Oh, S. B. and Radburn-Smith, B. C. and Seo, S. H. and Yang, U. K. and Yoo, H. D. and Yu, G. B. and Choi, M. and Kim, H. and Kim, J. H. and Lee, J. S.H. and Park, I. C. and Ryu, G. and Ryu, M. S. and Choi, Y. and Goh, J. and Hwang, C. and Lee, J. and Yu, I. and Dudenas, V. and Juodagalvis, A. and Vaitkus, J. and Ahmed, I. and Ibrahim, Z. A. and Ali, M. A.B.Md and Idris, F. Mohamad and Abdullah, W. A.T.Wan and Yusli, M. N. and Zolkapli, Z. and Castilla-Valdez, H. and Cruz-Burelo, E. De La and Cruz, I. Heredia De La and Hernandez-Almada, A. and Lopez-Fernandez, R. and Villalba, R. Magaña and Guisao, J. Mejia and Sanchez-Hernandez, A. and Moreno, S. Carrillo and Barrera, C. Oropeza and Valencia, F. Vazquez and Carpinteyro, S. and Pedraza, I. and Ibarguen, H. A.Salazar and Estrada, C. Uribe and Pineda, A. Morelos and Krofcheck, D. and Butler, P. H. and Ahmad, A. and Ahmad, M. and Hassan, Q. and Hoorani, H. R. and Khan, W. A. and Saddique, A. and Shah, M. A. and Shoaib, M. and Waqas, M. and Bialkowska, H. and Bluj, M. and Boimska, B. and Frueboes, T. and G{\'{o}}rski, M. and Kazana, M. and Nawrocki, K. and Romanowska-Rybinska, K. and Szleper, M. and Zalewski, P. and Bunkowski, K. and Byszuk, A. and Doroba, K. and Kalinowski, A. and Konecki, M. and Krolikowski, J. and Misiura, M. and Olszewski, M. and Walczak, M. and Bargassa, P. and Silva, C. Beirão Da Cruz E. and Calpas, B. and Francesco, A. Di and Faccioli, P. and Gallinaro, M. and Hollar, J. and Leonardo, N. and Iglesias, L. Lloret and Nemallapudi, M. V. and Seixas, J. and Toldaiev, O. and Vadruccio, D. and Varela, J. and Afanasiev, S. and Bunin, P. and Gavrilenko, M. and Golutvin, I. and Gorbunov, I. and Kamenev, A. and Karjavin, V. and Lanev, A. and Malakhov, A. and Matveev, V. and Palichik, V. and Perelygin, V. and Shmatov, S. and Shulha, S. and Skatchkov, N. and Smirnov, V. and Voytishin, N. and Zarubin, A. and Chtchipounov, L. and Golovtsov, V. and Ivanov, Y. and Kim, V. and Kuznetsova, E. and Murzin, V. and Oreshkin, V. and Sulimov, V. and Vorobyev, A. and Andreev, Yu and Dermenev, A. and Gninenko, S. and Golubev, N. and Karneyeu, A. and Kirsanov, M. and Krasnikov, N. and Pashenkov, A. and Tlisov, D. and Toropin, A. and Epshteyn, V. and Gavrilov, V. and Lychkovskaya, N. and Popov, V. and Pozdnyakov, I. and Safronov, G. and Spiridonov, A. and Toms, M. and Vlasov, E. and Zhokin, A. and Aushev, T. and Bylinkin, A. and Chadeeva, M. and Markin, O. and Tarkovskii, E. and Andreev, V. and Azarkin, M. and Dremin, I. and Kirakosyan, M. and Leonidov, A. and Terkulov, A. and Baskakov, A. and Belyaev, A. and Boos, E. and Dubinin, M. and Dudko, L. and Ershov, A. and Gribushin, A. and Kaminskiy, A. and Klyukhin, V. and Kodolova, O. and Lokhtin, I. and Miagkov, I. and Obraztsov, S. and Petrushanko, S. and Savrin, V. and Blinov, V. and Skovpen, Y. and Shtol, D. and Azhgirey, I. and Bayshev, I. and Bitioukov, S. and Elumakhov, D. and Kachanov, V. and Kalinin, A. and Konstantinov, D. and Krychkine, V. and Petrov, V. and Ryutin, R. and Sobol, A. and Troshin, S. and Tyurin, N. and Uzunian, A. and Volkov, A. and Adzic, P. and Cirkovic, P. and Devetak, D. and Dordevic, M. and Milosevic, J. and Rekovic, V. and Maestre, J. Alcaraz and Luna, M. Barrio and Calvo, E. and Cerrada, M. and Llatas, M. Chamizo and Colino, N. and Cruz, B. De La and Peris, A. Delgado and Valle, A. Escalante Del and Bedoya, C. Fernandez and Ramos, J. P.Fernández and Flix, J. and Fouz, M. C. and Garcia-Abia, P. and Lopez, O. Gonzalez and Lopez, S. Goy and Hernandez, J. M. and Josa, M. I. and Martino, E. Navarro De and Yzquierdo, A. Pérez Calero and Pelayo, J. Puerta and Olmeda, A. Quintario and Redondo, I. and Romero, L. and Soares, M. S. and De Troc{\'{o}}niz, J. F. and Missiroli, M. and Moran, D. and Cuevas, J. and Erice, C. and Menendez, J. Fernandez and Caballero, I. Gonzalez and Fern{\'{a}}ndez, J. R.González and Cortezon, E. Palencia and Cruz, S. Sanchez and Andr{\'{e}}s, I. Suárez and Vischia, P. and Garcia, J. M.Vizan and Cabrillo, I. J. and Calderon, A. and Curras, E. and Fernandez, M. and Garcia-Ferrero, J. and Gomez, G. and Virto, A. Lopez and Marco, J. and Rivero, C. Martinez and Matorras, F. and Gomez, J. Piedra and Rodrigo, T. and Ruiz-Jimeno, A. and Scodellaro, L. and Trevisani, N. and Vila, I. and Cortabitarte, R. Vilar and Abbaneo, D. and Auffray, E. and Auzinger, G. and Baillon, P. and Ball, A. H. and Barney, D. and Bloch, P. and Bocci, A. and Botta, C. and Camporesi, T. and Castello, R. and Cepeda, M. and Cerminara, G. and Chen, Y. and Cimmino, A. and D'Enterria, D. and Dabrowski, A. and Daponte, V. and David, A. and Gruttola, M. De and Roeck, A. De and Marco, E. Di and Dobson, M. and Dorney, B. and Pree, T. Du and Duggan, D. and D{\"{u}}nser, M. and Dupont, N. and Elliott-Peisert, A. and Everaerts, P. and Fartoukh, S. and Franzoni, G. and Fulcher, J. and Funk, W. and Gigi, D. and Gill, K. and Girone, M. and Glege, F. and Gulhan, D. and Gundacker, S. and Guthoff, M. and Harris, P. and Hegeman, J. and Innocente, V. and Janot, P. and Kieseler, J. and Kirschenmann, H. and Kn{\"{u}}nz, V. and Kornmayer, A. and Kortelainen, M. J. and Kousouris, K. and Krammer, M. and Lange, C. and Lecoq, P. and Louren{\c{c}}o, C. and Lucchini, M. T. and Malgeri, L. and Mannelli, M. and Martelli, A. and Meijers, F. and Merlin, J. A. and Mersi, S. and Meschi, E. and Milenovic, P. and Moortgat, F. and Morovic, S. and Mulders, M. and Neugebauer, H. and Orfanelli, S. and Orsini, L. and Pape, L. and Perez, E. and Peruzzi, M. and Petrilli, A. and Petrucciani, G. and Pfeiffer, A. and Pierini, M. and Racz, A. and Reis, T. and Rolandi, G. and Rovere, M. and Sakulin, H. and Sauvan, J. B. and Sch{\"{a}}fer, C. and Schwick, C. and Seidel, M. and Sharma, A. and Silva, P. and Sphicas, P. and Steggemann, J. and Stoye, M. and Takahashi, Y. and Tosi, M. and Treille, D. and Triossi, A. and Tsirou, A. and Veckalns, V. and Veres, G. I. and Verweij, M. and Wardle, N. and W{\"{o}}hri, H. K. and Zagozdzinska, A. and Zeuner, W. D. and Bertl, W. and Deiters, K. and Erdmann, W. and Horisberger, R. and Ingram, Q. and Kaestli, H. C. and Kotlinski, D. and Langenegger, U. and Rohe, T. and Wiederkehr, S. A. and Bachmair, F. and B{\"{a}}ni, L. and Bianchini, L. and Casal, B. and Dissertori, G. and Dittmar, M. and Doneg{\`{a}}, M. and Grab, C. and Heidegger, C. and Hits, D. and Hoss, J. and Kasieczka, G. and Lustermann, W. and Mangano, B. and Marionneau, M. and Arbol, P. Martinez Ruiz Del and Masciovecchio, M. and Meinhard, M. T. and Meister, D. and Micheli, F. and Musella, P. and Nessi-Tedaldi, F. and Pandolfi, F. and Pata, J. and Pauss, F. and Perrin, G. and Perrozzi, L. and Quittnat, M. and Rossini, M. and Sch{\"{o}}nenberger, M. and Starodumov, A. and Tavolaro, V. R. and Theofilatos, K. and Wallny, R. and Aarrestad, T. K. and Amsler, C. and Caminada, L. and Canelli, M. F. and Cosa, A. De and Donato, S. and Galloni, C. and Hinzmann, A. and Hreus, T. and Kilminster, B. and Ngadiuba, J. and Pinna, D. and Rauco, G. and Robmann, P. and Salerno, D. and Seitz, C. and Yang, Y. and Zucchetta, A. and Candelise, V. and Doan, T. H. and Jain, Sh and Khurana, R. and Konyushikhin, M. and Kuo, C. M. and Lin, W. and Pozdnyakov, A. and Yu, S. S. and Kumar, Arun and Chang, P. and Chang, Y. H. and Chao, Y. and Chen, K. F. and Chen, P. H. and Fiori, F. and Hou, W. S. and Hsiung, Y. and Liu, Y. F. and Lu, R. S. and Moya, M. Miñano and Paganis, E. and Psallidas, A. and Tsai, J. F. and Asavapibhop, B. and Singh, G. and Srimanobhas, N. and Suwonjandee, N. and Adiguzel, A. and Damarseckin, S. and Demiroglu, Z. S. and Dozen, C. and Eskut, E. and Girgis, S. and Gokbulut, G. and Guler, Y. and Hos, I. and Kangal, E. E. and Kara, O. and Topaksu, A. Kayis and Kiminsu, U. and Oglakci, M. and Onengut, G. and Ozdemir, K. and Ozturk, S. and Polatoz, A. and Tali, B. and Turkcapar, S. and Zorbakir, I. S. and Zorbilmez, C. and Bilin, B. and Bilmis, S. and Isildak, B. and Karapinar, G. and Yalvac, M. and Zeyrek, M. and G{\"{u}}lmez, E. and Kaya, M. and Kaya, O. and Yetkin, E. A. and Yetkin, T. and Cakir, A. and Cankocak, K. and Sen, S. and Grynyov, B. and Levchuk, L. and Sorokin, P. and Aggleton, R. and Ball, F. and Beck, L. and Brooke, J. J. and Burns, D. and Clement, E. and Cussans, D. and Flacher, H. and Goldstein, J. and Grimes, M. and Heath, G. P. and Heath, H. F. and Jacob, J. and Kreczko, L. and Lucas, C. and Newbold, D. M. and Paramesvaran, S. and Poll, A. and Sakuma, T. and Nasr-Storey, S. Seif El and Smith, D. and Smith, V. J. and Bell, K. W. and Belyaev, A. and Brew, C. and Brown, R. M. and Calligaris, L. and Cieri, D. and Cockerill, D. J.A. and Coughlan, J. A. and Harder, K. and Harper, S. and Olaiya, E. and Petyt, D. and Shepherd-Themistocleous, C. H. and Thea, A. and Tomalin, I. R. and Williams, T. and Baber, M. and Bainbridge, R. and Buchmuller, O. and Bundock, A. and Casasso, S. and Citron, M. and Colling, D. and Corpe, L. and Dauncey, P. and Davies, G. and Wit, A. De and Negra, M. Della and Maria, R. Di and Dunne, P. and Elwood, A. and Futyan, D. and Haddad, Y. and Hall, G. and Iles, G. and James, T. and Lane, R. and Laner, C. and Lyons, L. and Magnan, A. M. and Malik, S. and Mastrolorenzo, L. and Nash, J. and Nikitenko, A. and Pela, J. and Penning, B. and Pesaresi, M. and Raymond, D. M. and Richards, A. and Rose, A. and Scott, E. and Seez, C. and Summers, S. and Tapper, A. and Uchida, K. and Acosta, M. Vazquez and Virdee, T. and Wright, J. and Zenz, S. C. and Cole, J. E. and Hobson, P. R. and Khan, A. and Kyberd, P. and Reid, I. D. and Symonds, P. and Teodorescu, L. and Turner, M. and Borzou, A. and Call, K. and Dittmann, J. and Hatakeyama, K. and Liu, H. and Pastika, N. and Bartek, R. and Dominguez, A. and Buccilli, A. and Cooper, S. I. and Henderson, C. and Rumerio, P. and West, C. and Arcaro, D. and Avetisyan, A. and Bose, T. and Gastler, D. and Rankin, D. and Richardson, C. and Rohlf, J. and Sulak, L. and Zou, D. and Benelli, G. and Cutts, D. and Garabedian, A. and Hakala, J. and Heintz, U. and Hogan, J. M. and Jesus, O. and Kwok, K. H.M. and Laird, E. and Landsberg, G. and Mao, Z. and Narain, M. and Piperov, S. and Sagir, S. and Spencer, E. and Syarif, R. and Breedon, R. and Burns, D. and Sanchez, M. Calderon De La Barca and Chauhan, S. and Chertok, M. and Conway, J. and Conway, R. and Cox, P. T. and Erbacher, R. and Flores, C. and Funk, G. and Gardner, M. and Ko, W. and Lander, R. and McLean, C. and Mulhearn, M. and Pellett, D. and Pilot, J. and Shalhout, S. and Shi, M. and Smith, J. and Squires, M. and Stolp, D. and Tos, K. and Tripathi, M. and Bachtis, M. and Bravo, C. and Cousins, R. and Dasgupta, A. and Florent, A. and Hauser, J. and Ignatenko, M. and McColl, N. and Saltzberg, D. and Schnaible, C. and Valuev, V. and Weber, M. and Bouvier, E. and Burt, K. and Clare, R. and Ellison, J. and Gary, J. W. and Shirazi, S. M.A.Ghiasi and Hanson, G. and Heilman, J. and Jandir, P. and Kennedy, E. and Lacroix, F. and Long, O. R. and Negrete, M. Olmedo and Paneva, M. I. and Shrinivas, A. and Si, W. and Wei, H. and Wimpenny, S. and Yates, B. R. and Branson, J. G. and Cerati, G. B. and Cittolin, S. and Derdzinski, M. and Gerosa, R. and Holzner, A. and Klein, D. and Krutelyov, V. and Letts, J. and Macneill, I. and Olivito, D. and Padhi, S. and Pieri, M. and Sani, M. and Sharma, V. and Simon, S. and Tadel, M. and Vartak, A. and Wasserbaech, S. and Welke, C. and Wood, J. and W{\"{u}}rthwein, F. and Yagil, A. and Porta, G. Zevi Della and Amin, N. and Bhandari, R. and Bradmiller-Feld, J. and Campagnari, C. and Dishaw, A. and Dutta, V. and Sevilla, M. Franco and George, C. and Golf, F. and Gouskos, L. and Gran, J. and Heller, R. and Incandela, J. and Mullin, S. D. and Ovcharova, A. and Qu, H. and Richman, J. and Stuart, D. and Suarez, I. and Yoo, J. and Anderson, D. and Bendavid, J. and Bornheim, A. and Bunn, J. and Duarte, J. and Lawhorn, J. M. and Mott, A. and Newman, H. B. and Pena, C. and Spiropulu, M. and Vlimant, J. R. and Xie, S. and Zhu, R. Y. and Andrews, M. B. and Ferguson, T. and Paulini, M. and Russ, J. and Sun, M. and Vogel, H. and Vorobiev, I. and Weinberg, M. and Cumalat, J. P. and Ford, W. T. and Jensen, F. and Johnson, A. and Krohn, M. and Leontsinis, S. and Mulholland, T. and Stenson, K. and Wagner, S. R. and Alexander, J. and Chaves, J. and Chu, J. and Dittmer, S. and McDermott, K. and Mirman, N. and Patterson, J. R. and Rinkevicius, A. and Ryd, A. and Skinnari, L. and Soffi, L. and Tan, S. M. and Tao, Z. and Thom, J. and Tucker, J. and Wittich, P. and Zientek, M. and Winn, D. and Abdullin, S. and Albrow, M. and Apollinari, G. and Apresyan, A. and Banerjee, S. and Bauerdick, L. A.T. and Beretvas, A. and Berryhill, J. and Bhat, P. C. and Bolla, G. and Burkett, K. and Butler, J. N. and Cheung, H. W.K. and Chlebana, F. and Cihangir, S. and Cremonesi, M. and Elvira, V. D. and Fisk, I. and Freeman, J. and Gottschalk, E. and Gray, L. and Green, D. and Gr{\"{u}}nendahl, S. and Gutsche, O. and Hare, D. and Harris, R. M. and Hasegawa, S. and Hirschauer, J. and Hu, Z. and Jayatilaka, B. and Jindariani, S. and Johnson, M. and Joshi, U. and Klima, B. and Kreis, B. and Lammel, S. and Linacre, J. and Lincoln, D. and Lipton, R. and Liu, M. and Liu, T. and S{\'{a}}, R. Lopes De and Lykken, J. and Maeshima, K. and Magini, N. and Marraffino, J. M. and Maruyama, S. and Mason, D. and McBride, P. and Merkel, P. and Mrenna, S. and Nahn, S. and O'Dell, V. and Pedro, K. and Prokofyev, O. and Rakness, G. and Ristori, L. and Sexton-Kennedy, E. and Soha, A. and Spalding, W. J. and Spiegel, L. and Stoynev, S. and Strait, J. and Strobbe, N. and Taylor, L. and Tkaczyk, S. and Tran, N. V. and Uplegger, L. and Vaandering, E. W. and Vernieri, C. and Verzocchi, M. and Vidal, R. and Wang, M. and Weber, H. A. and Whitbeck, A. and Wu, Y. and Acosta, D. and Avery, P. and Bortignon, P. and Bourilkov, D. and Brinkerhoff, A. and Carnes, A. and Carver, M. and Curry, D. and Das, S. and Field, R. D. and Furic, I. K. and Konigsberg, J. and Korytov, A. and Low, J. F. and Ma, P. and Matchev, K. and Mei, H. and Mitselmakher, G. and Rank, D. and Shchutska, L. and Sperka, D. and Thomas, L. and Wang, J. and Wang, S. and Yelton, J. and Linn, S. and Markowitz, P. and Martinez, G. and Rodriguez, J. L. and Ackert, A. and Adams, T. and Askew, A. and Bein, S. and Hagopian, S. and Hagopian, V. and Johnson, K. F. and Kolberg, T. and Perry, T. and Prosper, H. and Santra, A. and Yohay, R. and Baarmand, M. M. and Bhopatkar, V. and Colafranceschi, S. and Hohlmann, M. and Noonan, D. and Roy, T. and Yumiceva, F. and Adams, M. R. and Apanasevich, L. and Berry, D. and Betts, R. R. and Cavanaugh, R. and Chen, X. and Evdokimov, O. and Gerber, C. E. and Hangal, D. A. and Hofman, D. J. and Jung, K. and Kamin, J. and Gonzalez, I. D.Sandoval and Trauger, H. and Varelas, N. and Wang, H. and Wu, Z. and Zakaria, M. and Zhang, J. and Bilki, B. and Clarida, W. and Dilsiz, K. and Durgut, S. and Gandrajula, R. P. and Haytmyradov, M. and Khristenko, V. and Merlo, J. P. and Mermerkaya, H. and Mestvirishvili, A. and Moeller, A. and Nachtman, J. and Ogul, H. and Onel, Y. and Ozok, F. and Penzo, A. and Snyder, C. and Tiras, E. and Wetzel, J. and Yi, K. and Blumenfeld, B. and Cocoros, A. and Eminizer, N. and Fehling, D. and Feng, L. and Gritsan, A. V. and Maksimovic, P. and Roskes, J. and Sarica, U. and Swartz, M. and Xiao, M. and You, C. and Al-Bataineh, A. and Baringer, P. and Bean, A. and Boren, S. and Bowen, J. and Castle, J. and Forthomme, L. and Khalil, S. and Kropivnitskaya, A. and Majumder, D. and McBrayer, W. and Murray, M. and Sanders, S. and Stringer, R. and Takaki, J. D.Tapia and Wang, Q. and Ivanov, A. and Kaadze, K. and Maravin, Y. and Mohammadi, A. and Saini, L. K. and Skhirtladze, N. and Toda, S. and Rebassoo, F. and Wright, D. and Anelli, C. and Baden, A. and Baron, O. and Belloni, A. and Calvert, B. and Eno, S. C. and Ferraioli, C. and Gomez, J. A. and Hadley, N. J. and Jabeen, S. and Jeng, G. Y. and Kellogg, R. G. and Kunkle, J. and Mignerey, A. C. and Ricci-Tam, F. and Shin, Y. H. and Skuja, A. and Tonjes, M. B. and Tonwar, S. C. and Abercrombie, D. and Allen, B. and Apyan, A. and Azzolini, V. and Barbieri, R. and Baty, A. and Bi, R. and Bierwagen, K. and Brandt, S. and Busza, W. and Cali, I. A. and D'Alfonso, M. and Demiragli, Z. and Ceballos, G. Gomez and Goncharov, M. and Hsu, D. and Iiyama, Y. and Innocenti, G. M. and Klute, M. and Kovalskyi, D. and Krajczar, K. and Lai, Y. S. and Lee, Y. J. and Levin, A. and Luckey, P. D. and Maier, B. and Marini, A. C. and McGinn, C. and Mironov, C. and Narayanan, S. and Niu, X. and Paus, C. and Roland, C. and Roland, G. and Salfeld-Nebgen, J. and Stephans, G. S.F. and Tatar, K. and Velicanu, D. and Wang, J. and Wang, T. W. and Wyslouch, B. and Benvenuti, A. C. and Chatterjee, R. M. and Evans, A. and Hansen, P. and Kalafut, S. and Kao, S. C. and Kubota, Y. and Lesko, Z. and Mans, J. and Nourbakhsh, S. and Ruckstuhl, N. and Rusack, R. and Tambe, N. and Turkewitz, J. and Acosta, J. G. and Oliveros, S. and Avdeeva, E. and Bloom, K. and Claes, D. R. and Fangmeier, C. and Suarez, R. Gonzalez and Kamalieddin, R. and Kravchenko, I. and Rodrigues, A. Malta and Monroy, J. and Siado, J. E. and Snow, G. R. and Stieger, B. and Alyari, M. and Dolen, J. and Godshalk, A. and Harrington, C. and Iashvili, I. and Kaisen, J. and Nguyen, D. and Parker, A. and Rappoccio, S. and Roozbahani, B. and Alverson, G. and Barberis, E. and Hortiangtham, A. and Massironi, A. and Morse, D. M. and Nash, D. and Orimoto, T. and Lima, R. Teixeira De and Trocino, D. and Wang, R. J. and Wood, D. and Bhattacharya, S. and Charaf, O. and Hahn, K. A. and Mucia, N. and Odell, N. and Pollack, B. and Schmitt, M. H. and Sung, K. and Trovato, M. and Velasco, M. and Dev, N. and Hildreth, M. and Anampa, K. Hurtado and Jessop, C. and Karmgard, D. J. and Kellams, N. and Lannon, K. and Marinelli, N. and Meng, F. and Mueller, C. and Musienko, Y. and Planer, M. and Reinsvold, A. and Ruchti, R. and Rupprecht, N. and Smith, G. and Taroni, S. and Wayne, M. and Wolf, M. and Woodard, A. and Alimena, J. and Antonelli, L. and Bylsma, B. and Durkin, L. S. and Flowers, S. and Francis, B. and Hart, A. and Hill, C. and Ji, W. and Liu, B. and Luo, W. and Puigh, D. and Winer, B. L. and Wulsin, H. W. and Cooperstein, S. and Driga, O. and Elmer, P. and Hardenbrook, J. and Hebda, P. and Lange, D. and Luo, J. and Marlow, D. and Medvedeva, T. and Mei, K. and Ojalvo, I. and Olsen, J. and Palmer, C. and Pirou{\'{e}}, P. and Stickland, D. and Svyatkovskiy, A. and Tully, C. and Malik, S. and Barker, A. and Barnes, V. E. and Folgueras, S. and Gutay, L. and Jha, M. K. and Jones, M. and Jung, A. W. and Khatiwada, A. and Miller, D. H. and Neumeister, N. and Schulte, J. F. and Shi, X. and Sun, J. and Wang, F. and Xie, W. and Parashar, N. and Stupak, J. and Adair, A. and Akgun, B. and Chen, Z. and Ecklund, K. M. and Geurts, F. J.M. and Guilbaud, M. and Li, W. and Michlin, B. and Northup, M. and Padley, B. P. and Roberts, J. and Rorie, J. and Tu, Z. and Zabel, J. and Betchart, B. and Bodek, A. and De Barbaro, P. and Demina, R. and Duh, Y. T. and Ferbel, T. and Galanti, M. and Garcia-Bellido, A. and Han, J. and Hindrichs, O. and Khukhunaishvili, A. and Lo, K. H. and Tan, P. and Verzetti, M. and Agapitos, A. and Chou, J. P. and Gershtein, Y. and Espinosa, T. A.Gómez and Halkiadakis, E. and Heindl, M. and Hughes, E. and Kaplan, S. and Elayavalli, R. Kunnawalkam and Kyriacou, S. and Lath, A. and Montalvo, R. and Nash, K. and Osherson, M. and Saka, H. and Salur, S. and Schnetzer, S. and Sheffield, D. and Somalwar, S. and Stone, R. and Thomas, S. and Thomassen, P. and Walker, M. and Delannoy, A. G. and Foerster, M. and Heideman, J. and Riley, G. and Rose, K. and Spanier, S. and Thapa, K. and Bouhali, O. and Celik, A. and Dalchenko, M. and Mattia, M. De and Delgado, A. and Dildick, S. and Eusebi, R. and Gilmore, J. and Huang, T. and Juska, E. and Kamon, T. and Mueller, R. and Pakhotin, Y. and Patel, R. and Perloff, A. and Perni{\`{e}}, L. and Rathjens, D. and Safonov, A. and Tatarinov, A. and Ulmer, K. A. and Akchurin, N. and Damgov, J. and Guio, F. De and Dragoiu, C. and Dudero, P. R. and Faulkner, J. and Gurpinar, E. and Kunori, S. and Lamichhane, K. and Lee, S. W. and Libeiro, T. and Peltola, T. and Undleeb, S. and Volobouev, I. and Wang, Z. and Greene, S. and Gurrola, A. and Janjam, R. and Johns, W. and Maguire, C. and Melo, A. and Ni, H. and Sheldon, P. and Tuo, S. and Velkovska, J. and Xu, Q. and Arenton, M. W. and Barria, P. and Cox, B. and Hirosky, R. and Ledovskoy, A. and Li, H. and Neu, C. and Sinthuprasith, T. and Sun, X. and Wang, Y. and Wolfe, E. and Xia, F. and Clarke, C. and Harr, R. and Karchin, P. E. and Sturdy, J. and Zaleski, S. and Belknap, D. A. and Buchanan, J. and Caillol, C. and Dasu, S. and Dodd, L. and Duric, S. and Gomber, B. and Grothe, M. and Herndon, M. and Herv{\'{e}}, A. and Hussain, U. and Klabbers, P. and Lanaro, A. and Levine, A. and Long, K. and Loveless, R. and Pierro, G. A. and Polese, G. and Ruggles, T. and Savin, A. and Smith, N. and Smith, W. H. and Taylor, D. and Woods, N.},
    number = {10},
    month = {10},
    pages = {P10003},
    volume = {12},
    publisher = {IOP Publishing},
    url = {https://iopscience.iop.org/article/10.1088/1748-0221/12/10/P10003 https://iopscience.iop.org/article/10.1088/1748-0221/12/10/P10003/meta},
    doi = {10.1088/1748-0221/12/10/P10003},
    issn = {1748-0221},
    arxivId = {1706.04965},
    keywords = {Large detector systems for particle and astroparticle physics, Particle identification methods}
}