@article{Conway2011IncorporatingSpectra,
    title = {{Incorporating Nuisance Parameters in Likelihoods for Multisource Spectra}},
    year = {2011},
    author = {Conway, J.S.},
    pages = {115--120},
    doi = {10.5170/CERN-2011-006.115}
}