@misc{he2015delving,
  author        = {Kaiming He and Xiangyu Zhang and Shaoqing Ren and Jian Sun},
  title         = {Delving Deep into Rectifiers: Surpassing Human-Level Performance on ImageNet Classification},
  year          = {2015},
  eprint        = {1502.01852},
  archivePrefix = {arXiv},
  primaryClass  = {cs.CV}
}

