%%%%%%%%%%%%%%%%%%%%%%%%%%%%%
%:  Introduction - flavor   %
%%%%%%%%%%%%%%%%%%%%%%%%%%%%%

@article{flavor_composite_technicolor,
  author       = "Chivukula, R. Sekhar and Georgi, Howard",
  title        = "{Composite Technicolor Standard Model}",
  journal      = "Phys. Lett. B",
  volume       = "188",
  year         = "1987",
  pages        = "99",
  doi          = "10.1016/0370-2693(87)90713-1",
  reportNumber = "BUHEP-87-2, HUTP-87/A003"
}

@inproceedings{flavor_lecture_Isidori,
  author        = "Isidori, Gino",
  title         = "{Flavor physics and CP violation}",
  booktitle     = "{2012 European School of High-Energy Physics}",
  year          = "2014",
  pages         = "69",
  doi           = "10.5170/CERN-2014-008.69",
  eprint        = "1302.0661",
  archivePrefix = "arXiv",
  primaryClass  = "hep-ph"
}

@misc{flavor_lecture_Isidori_UZH,
  author = {Isidori, Gino},
  title  = "{Lectures notes on Flavour physics}",
  year   = {2016},
  url    = {https://www.physik.uzh.ch/en/groups/isidori/teaching.html},
  note   = {(Retrieved Nov 16, 2022)}
}

@article{flavor_MFV_EFT,
  author        = "D'Ambrosio, G. and Giudice, G. F. and Isidori, G. and Strumia, A.",
  title         = "{Minimal flavor violation: An Effective field theory approach}",
  journal       = "Nucl. Phys. B",
  volume        = "645",
  year          = "2002",
  pages         = "155",
  doi           = "10.1016/S0550-3213(02)00836-2",
  reportNumber  = "CERN-TH-2002-147, IFUP-TH-2002-17",
  eprint        = "hep-ph/0207036",
  archivePrefix = "arXiv"
}

@article{flavor_constraints,
  author        = "Isidori, Gino and Nir, Yosef and Perez, Gilad",
  title         = "{Flavor Physics Constraints for Physics Beyond the Standard Model}",
  journal       = "Ann. Rev. Nucl. Part. Sci.",
  volume        = "60",
  year          = "2010",
  pages         = "355",
  doi           = "10.1146/annurev.nucl.012809.104534",
  eprint        = "1002.0900",
  archivePrefix = "arXiv",
  primaryClass  = "hep-ph"
}


%%%%%%%%%%%%%%%%%%%%%%%%%%
%:  Introduction - LFV   %
%%%%%%%%%%%%%%%%%%%%%%%%%%

@article{BaBar,
  author        = "Aubert, Bernard and others",
  title         = "{The BaBar detector}",
  collaboration = "BaBar",
  journal       = "Nucl. Instrum. Meth. A",
  volume        = "479",
  year          = "2002",
  pages         = "1",
  doi           = "10.1016/S0168-9002(01)02012-5",
  reportNumber  = "SLAC-PUB-8569, BABAR-PUB-01-08",
  eprint        = "hep-ex/0105044",
  archivePrefix = "arXiv"
}

@article{Belle,
  author        = "Abashian, A. and others",
  title         = "{The Belle Detector}",
  collaboration = "Belle",
  journal       = "Nucl. Instrum. Meth. A",
  volume        = "479",
  year          = "2002",
  pages         = "117",
  doi           = "10.1016/S0168-9002(01)02013-7",
  reportNumber  = "KEK-PROGRESS-REPORT-2000-4"
}

@article{LHCb,
  author        = "Alves, Jr., A. Augusto and others",
  title         = "{The LHCb Detector at the LHC}",
  collaboration = "LHCb",
  journal       = "JINST",
  volume        = "3",
  year          = "2008",
  pages         = "S08005",
  doi           = "10.1088/1748-0221/3/08/S08005",
  reportNumber  = "LHCb-DP-2008-001"
}

@article{LHCb_roadmap,
  author        = "Adeva, B. and others",
  title         = "{Roadmap for selected key measurements of LHCb}",
  collaboration = "LHCb",
  month         = "12",
  year          = "2009",
  reportNumber  = "LHCB-PUB-2009-029",
  eprint        = "0912.4179",
  archivePrefix = "arXiv",
  primaryClass  = "hep-ex"
}

@article{LHCb_performance,
  author        = "Aaij, Roel and others",
  title         = "{LHCb Detector Performance}",
  collaboration = "LHCb",
  journal       = "Int. J. Mod. Phys. A",
  volume        = "30",
  number        = "07",
  year          = "2015",
  pages         = "1530022",
  doi           = "10.1142/S0217751X15300227",
  reportNumber  = "LHCB-DP-2014-002, CERN-PH-EP-2014-290",
  eprint        = "1412.6352",
  archivePrefix = "arXiv",
  primaryClass  = "hep-ex"
}

@article{nu_discovery,
  author  = "Reines, F. and Cowan, C. L.",
  title   = "{Detection of the free neutrino}",
  journal = "Phys. Rev.",
  volume  = "92",
  year    = "1953",
  pages   = "830",
  doi     = "10.1103/PhysRev.92.830"
}

@article{lepton_number,
  author  = "Konopinski, E. J. and Mahmoud, H. M.",
  title   = "{The Universal Fermi interaction}",
  journal = "Phys. Rev.",
  volume  = "92",
  year    = "1953",
  pages   = "1045",
  doi     = "10.1103/PhysRev.92.1045"
}

@article{lepton_flavor_number1,
  author  = "Pontecorvo, B.",
  title   = "{Electron and Muon Neutrinos}",
  journal = "Zh. Eksp. Teor. Fiz.",
  volume  = "37",
  year    = "1959",
  pages   = "1751"
}

@inproceedings{lepton_flavor_number2,
  author    = "Lee, T.~D.",
  title     = "{Intermediate boson hypothesis of weak interactions}",
  address   = "Rochester",
  booktitle = "{Proceedings, 10th International Conference on High-Energy Physics (ICHEP 60)}",
  year      = "1960",
  pages     = "567",
  publisher = "U. Rochester"
}

@article{lepton_number_tHooft,
  author       = "'t Hooft, Gerard",
  title        = "{Symmetry Breaking Through Bell-Jackiw Anomalies}",
  editor       = "Shifman, Mikhail A.",
  journal      = "Phys. Rev. Lett.",
  volume       = "37",
  year         = "1976",
  pages        = "8",
  doi          = "10.1103/PhysRevLett.37.8",
  reportNumber = "PRINT-76-0254 (HARVARD)"
}

@article{LFV_theory1,
  author        = "Heeck, Julian",
  title         = "{Interpretation of Lepton Flavor Violation}",
  journal       = "Phys. Rev. D",
  volume        = "95",
  number        = "1",
  year          = "2017",
  pages         = "015022",
  doi           = "10.1103/PhysRevD.95.015022",
  reportNumber  = "ULB-TH-16-19",
  eprint        = "1610.07623",
  archivePrefix = "arXiv",
  primaryClass  = "hep-ph"
}

@article{LFV_theory2,
  author        = "Bernstein, Robert H. and Cooper, Peter S.",
  title         = "{Charged Lepton Flavor Violation: An Experimenter's Guide}",
  journal       = "Phys. Rept.",
  volume        = "532",
  year          = "2013",
  pages         = "27",
  doi           = "10.1016/j.physrep.2013.07.002",
  reportNumber  = "FERMILAB-PUB-13-259-PPD",
  eprint        = "1307.5787",
  archivePrefix = "arXiv",
  primaryClass  = "hep-ex"
}

@article{LFV_review_theory_2022,
  author        = "Ardu, Marco and Pezzullo, Gianantonio",
  title         = "{Introduction to Charged Lepton Flavor Violation}",
  journal       = "Universe",
  volume        = "8",
  number        = "6",
  year          = "2022",
  pages         = "299",
  doi           = "10.3390/universe8060299",
  eprint        = "2204.08220",
  archivePrefix = "arXiv",
  primaryClass  = "hep-ph"
}

@inproceedings{LFV_review_2022,
  author        = "Hern{\'a}ndez Villanueva, Michel",
  title         = "{Experimental review of Lepton Flavor Violation searches}",
  collaboration = "Belle II",
  booktitle     = "{20th Conference on Flavor Physics and CP Violation~}",
  month         = "8",
  year          = "2022",
  eprint        = "2208.02723",
  archivePrefix = "arXiv",
  primaryClass  = "hep-ex"
}

@article{LFV_mu-egamma_theory1,
  author       = "Petcov, S. T.",
  title        = "{The Processes $\mu \rightarrow e + \gamma, \mu \rightarrow e + \overline{e}, \nu'
                   \rightarrow \nu + \gamma$ in the Weinberg-Salam Model with Neutrino Mixing}",
  journal      = "Sov. J. Nucl. Phys.",
  volume       = "25",
  year         = "1977",
  pages        = "340",
  reportNumber = "JINR-E2-10176, JINR-P2-9595",
  note         = "[Erratum: Sov.J.Nucl.Phys. 25, 698 (1977), Erratum: Yad.Fiz. 25, 1336 (1977)]"
}

@article{LFV_mu-egamma_theory2,
  author       = "Bilenky, Samoil M. and Petcov, S. T. and Pontecorvo, B.",
  title        = "{Lepton Mixing, mu --\ensuremath{>} e + gamma Decay and Neutrino Oscillations}",
  journal      = "Phys. Lett. B",
  volume       = "67",
  year         = "1977",
  pages        = "309",
  doi          = "10.1016/0370-2693(77)90379-3",
  reportNumber = "JINR-E2-10374"
}

@article{LFV_mu-egamma_theory3,
  author       = "Cheng, Ta-Pei and Li, Ling-Fong",
  title        = "{Muon Number Nonconservation Effects in a Gauge
                   Theory with V A Currents and Heavy Neutral Leptons}",
  journal      = "Phys. Rev. D",
  volume       = "16",
  year         = "1977",
  pages        = "1425",
  doi          = "10.1103/PhysRevD.16.1425",
  reportNumber = "UMSL-77-2, CMU-COO-3066-86"
}

@article{LFV_mu-egamma_theory4,
  author       = "Lee, Benjamin W. and Shrock, Robert E.",
  title        = "{Natural Suppression of Symmetry Violation in Gauge Theories:
                   Muon - Lepton and Electron Lepton Number Nonconservation}",
  journal      = "Phys. Rev. D",
  volume       = "16",
  year         = "1977",
  pages        = "1444",
  doi          = "10.1103/PhysRevD.16.1444",
  reportNumber = "FERMILAB-PUB-77-21-THY, FERMILAB-PUB-77-021-T"
}

@article{LFV_mu-egamma_MEG,
  author        = "Baldini, A. M. and others",
  title         = "{Search for the lepton flavour violating decay $\mu ^+ \rightarrow
                    \mathrm {e}^+ \gamma $ with the full dataset of the MEG experiment}",
  collaboration = "MEG",
  journal       = "Eur. Phys. J. C",
  volume        = "76",
  number        = "8",
  year          = "2016",
  pages         = "434",
  doi           = "10.1140/epjc/s10052-016-4271-x",
  eprint        = "1605.05081",
  archivePrefix = "arXiv",
  primaryClass  = "hep-ex"
}

@article{LFV_mu_3e_SINDRUM,
  author        = "Bertl, Wilhelm H. and others",
  title         = "{Search for the Decay $\mu^+ \to e^+ e^+ e^-$}",
  collaboration = "SINDRUM",
  journal       = "Nucl. Phys. B",
  volume        = "260",
  year          = "1985",
  pages         = "1",
  doi           = "10.1016/0550-3213(85)90308-6",
  reportNumber  = "SIN-PR-85-06"
}

@article{LFV_Bs-emu_LHCb,
  author        = "Aaij, Roel and others",
  title         = "{Search for the lepton-flavour violating decays B$_{(s)}^{0} \to e^{\pm}\mu^{\mp}$}",
  collaboration = "LHCb",
  journal       = "JHEP",
  volume        = "03",
  year          = "2018",
  pages         = "078",
  doi           = "10.1007/JHEP03(2018)078",
  reportNumber  = "LHCB-PAPER-2017-031, CERN-EP-2017-242",
  eprint        = "1710.04111",
  archivePrefix = "arXiv",
  primaryClass  = "hep-ex"
}

@article{LFV_B-taumu_LHCb,
  author        = "Aaij, Roel and others",
  title         = "{Search for the lepton-flavour-violating decays
                    $B^{0}_{s}\to\tau^{\pm}\mu^{\mp}$ and $B^{0}\to\tau^{\pm}\mu^{\mp}$}",
  collaboration = "LHCb",
  journal       = "Phys. Rev. Lett.",
  volume        = "123",
  number        = "21",
  year          = "2019",
  pages         = "211801",
  doi           = "10.1103/PhysRevLett.123.211801",
  reportNumber  = "CERN-EP-2019-076, LHCb-PAPER-2019-016",
  eprint        = "1905.06614",
  archivePrefix = "arXiv",
  primaryClass  = "hep-ex"
}

@article{LFV_B-Kmue_LHCb,
  author        = "Aaij, Roel and others",
  title         = "{Search for Lepton-Flavor Violating Decays $B^+ \to K^+ {\mu}^{\pm} e^{\mp}$}",
  collaboration = "LHCb",
  journal       = "Phys. Rev. Lett.",
  volume        = "123",
  number        = "24",
  year          = "2019",
  pages         = "241802",
  doi           = "10.1103/PhysRevLett.123.241802",
  reportNumber  = "CERN-EP-2019-172, LHCb-PAPER-2019-022",
  eprint        = "1909.01010",
  archivePrefix = "arXiv",
  primaryClass  = "hep-ex"
}

@article{LFV_B0-Kmue_LHCb,
  title         = "{Search for the lepton-flavour violating decays $B^0 \to
                    K^{*0} \mu^\pm e^\mp$ and $B_s^0 \to \phi \mu^\pm e^\mp$}",
  collaboration = "LHCb",
  month         = "7",
  year          = "2022",
  reportNumber  = "LHCb-PAPER-2022-008, CERN-EP-2022-097",
  eprint        = "2207.04005",
  archivePrefix = "arXiv",
  primaryClass  = "hep-ex"
}

@article{LFV_quarkonium,
  author        = "Calibbi, Lorenzo and Li, Tong and Marcano, Xabier and Schmidt, Michael A.",
  title         = "{Indirect constraints on lepton-flavour-violating quarkonium decays}",
  month         = "7",
  year          = "2022",
  reportNumber  = "CPPC-2022-08",
  eprint        = "2207.10913",
  archivePrefix = "arXiv",
  primaryClass  = "hep-ph"
}

@article{LFU_PV_Cesium,
  author       = "Langacker, Paul",
  title        = "{Parity violation in muonic atoms and cesium}",
  journal      = "Phys. Lett. B",
  volume       = "256",
  year         = "1991",
  pages        = "277",
  doi          = "10.1016/0370-2693(91)90688-M",
  reportNumber = "UPR-0451T"
}

@article{LFV_LQ_constraints1,
  author        = "Gabrielli, Emidio",
  title         = "{Model independent constraints on leptoquarks from rare muon and tau lepton processes}",
  journal       = "Phys. Rev. D",
  volume        = "62",
  year          = "2000",
  pages         = "055009",
  doi           = "10.1103/PhysRevD.62.055009",
  reportNumber  = "FTUAM-99-38",
  eprint        = "hep-ph/9911539",
  archivePrefix = "arXiv"
}

@article{LFU_LQ_constraints1,
  author        = "Carpentier, Michael and Davidson, Sacha",
  title         = "{Constraints on two-lepton, two quark operators}",
  journal       = "Eur. Phys. J. C",
  volume        = "70",
  year          = "2010",
  pages         = "1071",
  doi           = "10.1140/epjc/s10052-010-1482-4",
  eprint        = "1008.0280",
  archivePrefix = "arXiv",
  primaryClass  = "hep-ph"
}


%%%%%%%%%%%%%%%%%%%%%%%%%%
%:  Introduction - LFU   %
%%%%%%%%%%%%%%%%%%%%%%%%%%

@article{LFU_review_2021,
  author        = "Bryman, Douglas and Cirigliano, Vincenzo and Crivellin, Andreas and Inguglia, Gianluca",
  title         = "{Testing Lepton Flavor Universality with Pion, Kaon, Tau, and Beta Decays}",
  month         = "11",
  year          = "2021",
  doi           = "10.1146/annurev-nucl-110121-051223",
  reportNumber  = "CERN-TH-2021-184, LA-UR-21-30608, ZU-TH 54/21",
  eprint        = "2111.05338",
  archivePrefix = "arXiv",
  primaryClass  = "hep-ph"
}

@article{LFU_HFLAV,
  author        = "Amhis, Yasmine Sara and others",
  title         = "{Averages of b-hadron, c-hadron, and $\tau $-lepton properties as of 2018}",
  collaboration = "HFLAV",
  journal       = "Eur. Phys. J. C",
  volume        = "81",
  number        = "3",
  year          = "2021",
  pages         = "226",
  doi           = "10.1140/epjc/s10052-020-8156-7",
  eprint        = "1909.12524",
  archivePrefix = "arXiv",
  primaryClass  = "hep-ex"
}

@article{LFU_pi_PiENu,
  author        = "Aguilar-Arevalo, A. and others",
  title         = "{Improved Measurement of the $\pi \to \textrm{e} \nu$ Branching Ratio}",
  collaboration = "PiENu",
  journal       = "Phys. Rev. Lett.",
  volume        = "115",
  number        = "7",
  year          = "2015",
  pages         = "071801",
  doi           = "10.1103/PhysRevLett.115.071801",
  eprint        = "1506.05845",
  archivePrefix = "arXiv",
  primaryClass  = "hep-ex"
}

@article{LFU_K_KLOE,
  author        = "Ambrosino, F. and others",
  title         = "{Precise measurement of $\Gamma(K \to e \nu(\gamma)) / \Gamma(K
                    \to \mu \nu(\gamma))$ and study of $K \to e \nu \gamma$}",
  collaboration = "KLOE",
  journal       = "Eur. Phys. J. C",
  volume        = "64",
  year          = "2009",
  pages         = "627",
  doi           = "10.1140/epjc/s10052-009-1217-6",
  note          = "[Erratum: Eur.Phys.J. 65, 703 (2010)]",
  eprint        = "0907.3594",
  archivePrefix = "arXiv",
  primaryClass  = "hep-ex"
}

@article{LFU_K_NA62,
  author        = "Lazzeroni, C. and others",
  title         = "{Precision Measurement of the Ratio of the Charged Kaon Leptonic Decay Rates}",
  collaboration = "NA62",
  journal       = "Phys. Lett. B",
  volume        = "719",
  year          = "2013",
  pages         = "326",
  doi           = "10.1016/j.physletb.2013.01.037",
  reportNumber  = "CERN-PH-EP-2012-367",
  eprint        = "1212.4012",
  archivePrefix = "arXiv",
  primaryClass  = "hep-ex"
}

@article{LFU_K_FlaviaNet,
  author        = "Antonelli, M. and others",
  title         = "{An Evaluation of $|V_{us}|$ and precise tests of the Standard
                    Model from world data on leptonic and semileptonic kaon decays}",
  collaboration = "FlaviaNet Working Group on Kaon Decays",
  journal       = "Eur. Phys. J. C",
  volume        = "69",
  year          = "2010",
  pages         = "399",
  doi           = "10.1140/epjc/s10052-010-1406-3",
  reportNumber  = "IFIC-10-12, ICCUB-10-021, UB-ECM-PF-10-009, IFIC/10-12",
  eprint        = "1005.2323",
  archivePrefix = "arXiv",
  primaryClass  = "hep-ph"
}

@article{LFU_Jpsi_BESIII,
  author        = "Ablikim, M. and others",
  title         = "{Precision measurements of ${\cal B}[\psi(3686) \to
                    \pi^+\pi^- J/\psi]$~and ${\cal B}[J/\psi\to l^+l^-]$}",
  collaboration = "BESIII",
  journal       = "Phys. Rev. D",
  volume        = "88",
  number        = "3",
  year          = "2013",
  pages         = "032007",
  doi           = "10.1103/PhysRevD.88.032007",
  eprint        = "1307.1189",
  archivePrefix = "arXiv",
  primaryClass  = "hep-ex"
}

@article{LFU_ee_BESIII,
  author        = "Ablikim, M. and others",
  title         = "{Measurement of the total and leptonic decay widths of the
                    $J/\psi$ resonance with an energy scan method at BESIII}",
  collaboration = "BESIII",
  month         = "6",
  year          = "2022",
  eprint        = "2206.13674",
  archivePrefix = "arXiv",
  primaryClass  = "hep-ex"
}

@article{LFU_Ds_BESIII,
  author        = "Ablikim, M. and others",
  title         = "{Measurement of the absolute branching fractions for purely leptonic $D_s^+$ decays}",
  collaboration = "BESIII",
  journal       = "Phys. Rev. D",
  volume        = "104",
  number        = "5",
  year          = "2021",
  pages         = "052009",
  doi           = "10.1103/PhysRevD.104.052009",
  eprint        = "2102.11734",
  archivePrefix = "arXiv",
  primaryClass  = "hep-ex"
}

@article{LFU_D-pi_BESIII,
  author        = "Ablikim, M. and others",
  title         = "{Measurement of the branching fraction for the semi-leptonic decay
                    $D^{0(+)}\to \pi^{-(0)}\mu^+\nu_\mu$ and test of lepton universality}",
  collaboration = "BESIII",
  journal       = "Phys. Rev. Lett.",
  volume        = "121",
  number        = "17",
  year          = "2018",
  pages         = "171803",
  doi           = "10.1103/PhysRevLett.121.171803",
  eprint        = "1802.05492",
  archivePrefix = "arXiv",
  primaryClass  = "hep-ex"
}

@article{LFU_D-K_BESIII,
  author        = "Ablikim, Medina and others",
  title         = "{Study of the $D^0\to K^-\mu^+\nu_\mu$ dynamics and test of lepton
                    flavor universality with $D^0\to K^-\ell^+\nu_\ell$ decays}",
  collaboration = "BESIII",
  journal       = "Phys. Rev. Lett.",
  volume        = "122",
  number        = "1",
  year          = "2019",
  pages         = "011804",
  doi           = "10.1103/PhysRevLett.122.011804",
  eprint        = "1810.03127",
  archivePrefix = "arXiv",
  primaryClass  = "hep-ex"
}

@article{LFU_D-rho_BESIII,
  author        = "Ablikim, Medina and others",
  title         = "{Observation of the decay $D^0\to \rho^-\mu^+\nu_\mu$}",
  collaboration = "BESIII",
  journal       = "Phys. Rev. D",
  volume        = "104",
  number        = "9",
  year          = "2021",
  pages         = "L091103",
  doi           = "10.1103/PhysRevD.104.L091103",
  reportNumber  = "BAM-00467",
  eprint        = "2106.02292",
  archivePrefix = "arXiv",
  primaryClass  = "hep-ex"
}

@article{LFU_tau_physics,
  author        = "Pich, Antonio",
  title         = "{Precision Tau Physics}",
  journal       = "Prog. Part. Nucl. Phys.",
  volume        = "75",
  year          = "2014",
  pages         = "41",
  doi           = "10.1016/j.ppnp.2013.11.002",
  reportNumber  = "IFIC-13-79, FTUV-13-1029, FTUV-13-1028",
  eprint        = "1310.7922",
  archivePrefix = "arXiv",
  primaryClass  = "hep-ph"
}

@article{LFU_W_LEP,
  author        = "{\textbf{ALEPH}, \textbf{DELPHI}, \textbf{L3}, and \textbf{OPAL}
                    Collaborations, and {LEP Electroweak Working Group}}",
  title         = "{Electroweak Measurements in Electron-Positron Collisions at W-Boson-Pair Energies at LEP}",
  journal       = "Phys. Rept.",
  volume        = "532",
  year          = "2013",
  pages         = "119",
  doi           = "10.1016/j.physrep.2013.07.004",
  reportNumber  = "CERN-PH-EP-2013-022",
  eprint        = "1302.3415",
  archivePrefix = "arXiv",
  primaryClass  = "hep-ex"
}
%author        = "Schael, S. and others",
%collaboration = "ALEPH and DELPHI and L3 and OPAL and LEP Electroweak Working Group",

@article{LFU_W_ATLAS,
  author        = "Aad, Georges and others",
  title         = "{Test of the universality of $\tau$ and $\mu$ lepton
                    couplings in $W$-boson decays with the ATLAS detector}",
  collaboration = "ATLAS",
  journal       = "Nature Phys.",
  volume        = "17",
  number        = "7",
  year          = "2021",
  pages         = "813",
  doi           = "10.1038/s41567-021-01236-w",
  reportNumber  = "CERN-EP-2020-139",
  eprint        = "2007.14040",
  archivePrefix = "arXiv",
  primaryClass  = "hep-ex"
}

@article{LFU_W_CMS,
  author        = "Tumasyan, Armen and others",
  title         = "{Precision measurement of the W boson decay branching fractions
                    in proton-proton collisions at $\sqrt{s}$ = 13 TeV}",
  collaboration = "CMS",
  journal       = "Phys. Rev. D",
  volume        = "105",
  number        = "7",
  year          = "2022",
  pages         = "072008",
  doi           = "10.1103/PhysRevD.105.072008",
  reportNumber  = "CMS-SMP-18-011, CERN-EP-2021-240",
  eprint        = "2201.07861",
  archivePrefix = "arXiv",
  primaryClass  = "hep-ex"
}

@article{LFU_Z_LEP,
  author        = "{\textbf{ALEPH}, \textbf{DELPHI}, \textbf{L3}, \textbf{OPAL}, and \textbf{SLD} Collaborations,
                    and {LEP Electroweak Working Group}, and {SLD Electroweak and Heavy Flavour Groups}}",
  title         = "{Precision electroweak measurements on the $Z$ resonance}",
  journal       = "Phys. Rept.",
  volume        = "427",
  year          = "2006",
  pages         = "257",
  doi           = "10.1016/j.physrep.2005.12.006",
  reportNumber  = "SLAC-R-774",
  eprint        = "hep-ex/0509008",
  archivePrefix = "arXiv"
}
%author = "Schael, S. and others",
%collaboration = "ALEPH and DELPHI and L3 and OPAL and SLD and {LEP Electroweak Working Group} and {SLD Electroweak Working Group} and {SLD Heavy Flavour Group}",

@article{LFU_BelleII,
  author        = "Altmannshofer, W. and others",
  title         = "{The Belle II Physics Book}",
  editor        = "Kou, E. and Urquijo, P.",
  collaboration = "Belle-II",
  journal       = "PTEP",
  volume        = "2019",
  number        = "12",
  year          = "2019",
  pages         = "123C01",
  doi           = "10.1093/ptep/ptz106",
  reportNumber  = "KEK Preprint 2018-27, BELLE2-PUB-PH-2018-001, FERMILAB-PUB-18-398-T,
                   JLAB-THY-18-2780, INT-PUB-18-047, UWThPh 2018-26",
  note          = "[Erratum: PTEP 2020, 029201 (2020)]",
  eprint        = "1808.10567",
  archivePrefix = "arXiv",
  primaryClass  = "hep-ex"
}

%%%%%%%%%%%%%%%%%%%%%%%%%%%%%%%%%%%%%%%%%%%
%:  Introduction - B anomalies - theory   %
%%%%%%%%%%%%%%%%%%%%%%%%%%%%%%%%%%%%%%%%%%%

@article{GUT1,
  author  = "Georgi, H. and Glashow, S. L.",
  title   = "Unity of All Elementary Particle Forces",
  journal = "Phys. Rev. Lett.",
  volume  = "32",
  year    = "1974",
  pages   = "438",
  doi     = "10.1103/PhysRevLett.32.438"
}

@article{GUT2,
  author       = "Pati, Jogesh C. and Salam, Abdus",
  title        = "Unified lepton-hadron Symmetry and a Gauge Theory of the Basic Interactions",
  journal      = "Phys. Rev. D",
  volume       = "8",
  year         = "1973",
  pages        = "1240",
  doi          = "10.1103/PhysRevD.8.1240",
  reportNumber = "IC-73-41-INT-REP"
}

@article{GUT3,
  author       = "Pati, Jogesh C. and Salam, Abdus",
  title        = "Lepton Number as the Fourth Color",
  journal      = "Phys. Rev. D",
  volume       = "10",
  year         = "1974",
  pages        = "275",
  doi          = "10.1103/PhysRevD.10.275",
  reportNumber = "IC-74-7",
  note         = "[Erratum: \DOI{10.1103/PhysRevD.11.703.2}]"
}

@article{GUT4,
  author       = "Murayama, H. and Yanagida, T.",
  title        = "{A viable SU(5) GUT with light leptoquark bosons}",
  journal      = "Mod. Phys. Lett. A",
  volume       = "7",
  year         = "1992",
  pages        = "147",
  doi          = "10.1142/S0217732392000070",
  reportNumber = "TU-370"
}

@article{GUT5,
  author       = "Fritzsch, Harald and Minkowski, Peter",
  title        = "Unified Interactions of Leptons and Hadrons",
  journal      = "Annals Phys.",
  volume       = "93",
  year         = "1975",
  pages        = "193",
  doi          = "10.1016/0003-4916(75)90211-0",
  reportNumber = "CALT-68-467"
}

@article{GUT6,
  author       = "Senjanovic, Goran and Sokorac, Aleksandar",
  title        = "Light Leptoquarks in {SO(10)}",
  journal      = "Z. Phys. C",
  volume       = "20",
  year         = "1983",
  pages        = "255",
  doi          = "10.1007/BF01574858",
  reportNumber = "Print-82-0652 (BNL), BNL-31824"
}

@article{GUT7,
  author       = "Frampton, Paul H. and Lee, Bum-Hoon",
  title        = "{SU(15) grand unification}",
  journal      = "Phys. Rev. Lett.",
  volume       = "64",
  year         = "1990",
  pages        = "619",
  doi          = "10.1103/PhysRevLett.64.619",
  reportNumber = "IFP-362-UNC"
}

@article{GUT8,
  author       = "Frampton, Paul H. and Kephart, Thomas W.",
  title        = "{Higgs sector and proton decay in SU(15) grand unification}",
  journal      = "Phys. Rev. D",
  volume       = "42",
  year         = "1990",
  pages        = "3892",
  doi          = "10.1103/PhysRevD.42.3892",
  reportNumber = "Print-90-0451 (NORTH CAROLINA)"
}

@article{technicolor1,
  author       = "Dimopoulos, Savas and Susskind, Leonard",
  title        = "Mass Without Scalars",
  booktitle    = "{Proceedings: International Conference on High Energy Physics,
                   Geneva, Switzerland, Jun 27 - Jul 4, 1979: In 2 volumes}",
  journal      = "Nucl. Phys. B",
  volume       = "155",
  year         = "1979",
  pages        = "237",
  doi          = "10.1016/0550-3213(79)90364-X",
  reportNumber = "CU-TP-147, ITP-626-STANFORD"
}

@article{technicolor2,
  author       = "Dimopoulos, Savas",
  title        = "Technicolored Signatures",
  booktitle    = "{Proceedings: International Conference on High Energy Physics,
                   Geneva, Switzerland, Jun 27 - Jul 4, 1979: In 2 volumes}",
  journal      = "Nucl. Phys. B",
  volume       = "168",
  year         = "1980",
  pages        = "69",
  doi          = "10.1016/0550-3213(80)90277-1",
  reportNumber = "PRINT-79-0962 (STANFORD)"
}

@article{technicolor3,
  author       = "Farhi, Edward and Susskind, Leonard",
  title        = "{Technicolor}",
  journal      = "Phys. Rept.",
  volume       = "74",
  year         = "1981",
  pages        = "277",
  doi          = "10.1016/0370-1573(81)90173-3",
  reportNumber = "CERN-TH-2975"
}

@article{compositeness1,
  author       = "Abbott, L. F. and Farhi, E.",
  title        = "{Are the Weak Interactions Strong?}",
  journal      = "Phys. Lett. B",
  volume       = "101",
  year         = "1981",
  pages        = "69",
  doi          = "10.1016/0370-2693(81)90492-5",
  reportNumber = "CERN-TH-3015"
}

@article{compositeness2,
  author       = "Schrempp, Barbara and Schrempp, Fridger",
  title        = "{Light leptoquarks}",
  journal      = "Phys. Lett. B",
  volume       = "153",
  year         = "1985",
  pages        = "101",
  doi          = "10.1016/0370-2693(85)91450-9",
  reportNumber = "DESY-84-117"
}

@article{compositeness3,
  author       = "Wudka, Jose",
  title        = {Composite leptoquarks},
  journal      = "Phys. Lett. B",
  volume       = "167",
  year         = "1986",
  pages        = "337",
  doi          = "10.1016/0370-2693(86)90356-4",
  reportNumber = "MIT-CTP-1288"
}

@article{SUSY_LQ1,
  author       = "Hall, Lawrence J. and Suzuki, Mahiko",
  title        = "{Explicit R-Parity Breaking in Supersymmetric Models}",
  journal      = "Nucl. Phys. B",
  volume       = "231",
  year         = "1984",
  pages        = "419",
  doi          = "10.1016/0550-3213(84)90513-3",
  reportNumber = "UCB-PTH-83/8, LBL-16150"
}

@article{SUSY_LQ2,
  author       = "Dawson, Sally",
  title        = "{R-Parity Breaking in Supersymmetric Theories}",
  journal      = "Nucl. Phys. B",
  volume       = "261",
  year         = "1985",
  pages        = "297",
  doi          = "10.1016/0550-3213(85)90577-2",
  reportNumber = "LBL-19460"
}

@article{SUSY_LQ3,
  author        = "Giudice, G. F. and Rattazzi, R.",
  title         = "{R-parity violation and unification}",
  journal       = "Phys. Lett. B",
  volume        = "406",
  year          = "1997",
  pages         = "321",
  doi           = "10.1016/S0370-2693(97)00702-8",
  reportNumber  = "CERN-TH-97-076, CERN-TH-97-76",
  eprint        = "hep-ph/9704339",
  archivePrefix = "arXiv"
}

@article{SUSY_LQ4,
  author        = "Csaki, Csaba and Grossman, Yuval and Heidenreich, Ben",
  title         = "{MFV SUSY: A Natural Theory for R-Parity Violation}",
  journal       = "Phys. Rev. D",
  volume        = "85",
  year          = "2012",
  pages         = "095009",
  doi           = "10.1103/PhysRevD.85.095009",
  eprint        = "1111.1239",
  archivePrefix = "arXiv",
  primaryClass  = "hep-ph"
}

@article{string_theory_LQ1,
  author       = "Angelopoulos, V. D. and Ellis, John R. and Kowalski, H. and
                  Nanopoulos, Dimitri V. and Tracas, N. D. and Zwirner, F.",
  title        = "{Search for New Quarks Suggested by the Superstring}",
  journal      = "Nucl. Phys. B",
  volume       = "292",
  year         = "1987",
  pages        = "59",
  doi          = "10.1016/0550-3213(87)90637-7",
  reportNumber = "CERN-TH-4578/86, MAD/TH/86-26"
}

@article{string_theory_LQ2,
  author        = "Elwood, John K. and Faraggi, Alon E.",
  title         = "{Exotic leptoquarks from superstring derived models}",
  journal       = "Nucl. Phys. B",
  volume        = "512",
  year          = "1998",
  pages         = "42",
  doi           = "10.1016/S0550-3213(97)00757-8",
  reportNumber  = "UFIFT-HEP-97-16",
  eprint        = "hep-ph/9704363",
  archivePrefix = "arXiv"
}

@article{RK_theory1,
  author        = "Hiller, Gudrun and Kruger, Frank",
  title         = "{More model-independent analysis of $b \to s$ processes}",
  journal       = "Phys. Rev. D",
  volume        = "69",
  year          = "2004",
  pages         = "074020",
  doi           = "10.1103/PhysRevD.69.074020",
  reportNumber  = "LMU-18-03, TUM-HEP-519-03",
  eprint        = "hep-ph/0310219",
  archivePrefix = "arXiv"
}

@article{RK_theory2,
  author        = "Khodjamirian, A. and Mannel, Th. and Pivovarov, A. A. and Wang, Y. -M.",
  title         = "{Charm-loop effect in $B \to K^{(*)} \ell^{+} \ell^{-}$ and $B\to K^*\gamma$}",
  journal       = "JHEP",
  volume        = "09",
  year          = "2010",
  pages         = "089",
  doi           = "10.1007/JHEP09(2010)089",
  reportNumber  = "SI-HEP-2010-08",
  eprint        = "1006.4945",
  archivePrefix = "arXiv",
  primaryClass  = "hep-ph"
}

@article{RK_theory3,
  author        = "Bordone, Marzia and Isidori, Gino and Pattori, Andrea",
  title         = "{On the Standard Model predictions for $R_K$ and $R_{K^*}$}",
  journal       = "Eur. Phys. J. C",
  volume        = "76",
  number        = "8",
  year          = "2016",
  pages         = "440",
  doi           = "10.1140/epjc/s10052-016-4274-7",
  eprint        = "1605.07633",
  archivePrefix = "arXiv",
  primaryClass  = "hep-ph"
}

@inproceedings{flavor_anomalies_lattice_QCD_2022,
  author        = "Boyle, Peter A. and others",
  title         = "{A lattice QCD perspective on weak decays of $b$ and $c$ quarks Snowmass 2022 White Paper}",
  booktitle     = "{2022 Snowmass Summer Study}",
  month         = "5",
  year          = "2022",
  reportNumber  = "CERN-TH-2022-036, FERMILAB-CONF-22-433-SCD-T, JLAB-THY-22-3582,
                   MITP-22-020, MIT-CTP/5413, MS-TP-22-07, SI-HEP-2022-11",
  eprint        = "2205.15373",
  archivePrefix = "arXiv",
  primaryClass  = "hep-lat"
}


%%%%%%%%%%%%%%%%%%%%%%%%%%%%%%%%%%%%%%%%%%%%%%%
%:  Introduction - B anomalies - experiment   %
%%%%%%%%%%%%%%%%%%%%%%%%%%%%%%%%%%%%%%%%%%%%%%%

@article{RD_BaBar1,
  author        = "Lees, J. P. and others",
  title         = "Evidence for an excess of {$\bar{B} \to D^{(*)} \tau^-\bar{\nu}_\tau$} decays",
  collaboration = "BaBar",
  journal       = "Phys. Rev. Lett.",
  volume        = "109",
  year          = "2012",
  pages         = "101802",
  doi           = "10.1103/PhysRevLett.109.101802",
  reportNumber  = "BABAR-PUB-12-012, SLAC-PUB-15028",
  eprint        = "1205.5442",
  archivePrefix = "arXiv",
  primaryClass  = "hep-ex"
}

@article{RD_BaBar2,
  author        = "Lees, J. P. and others",
  title         = "Measurement of an excess of {$\bar{B} \to D^{(*)}\tau^-
                   \bar{\nu}_\tau$} decays and implications for charged {Higgs} bosons",
  collaboration = "BaBar",
  journal       = "Phys. Rev. D",
  volume        = "88",
  year          = "2013",
  pages         = "072012",
  doi           = "10.1103/PhysRevD.88.072012",
  reportNumber  = "BABAR-PUB-13-001, SLAC-PUB-15381",
  eprint        = "1303.0571",
  archivePrefix = "arXiv",
  primaryClass  = "hep-ex"
}

@article{RD_ell_Belle1,
  author        = "Waheed, E. and others",
  title         = "{Measurement of the CKM matrix element $|V_{cb}|$
                    from $B^0\to D^{*-}\ell^ {+} \nu_\ell$ at Belle}",
  collaboration = "Belle",
  journal       = "Phys. Rev. D",
  volume        = "100",
  number        = "5",
  year          = "2019",
  pages         = "052007",
  doi           = "10.1103/PhysRevD.100.052007",
  note          = "[Erratum: Phys.Rev.D 103, 079901 (2021)]",
  eprint        = "1809.03290",
  archivePrefix = "arXiv",
  primaryClass  = "hep-ex"
}

@article{RD_Belle1,
  author        = "Matyja, A. and others",
  title         = "Observation of {$B^0 \to D^{*-} \tau^+ \nu_\tau$} decay at {B}elle",
  collaboration = "Belle",
  journal       = "Phys. Rev. Lett.",
  volume        = "99",
  year          = "2007",
  pages         = "191807",
  doi           = "10.1103/PhysRevLett.99.191807",
  eprint        = "0706.4429",
  archivePrefix = "arXiv",
  primaryClass  = "hep-ex"
}

@article{RD_Belle2,
  author        = "Bozek, A. and others",
  title         = "Observation of {$B^+ \to \bar{D}^{*0} \tau^+ \nu_\tau$} and
                   Evidence for {$B^+ \to \bar{D}^0 \tau^+ \nu_\tau$} at {B}elle",
  collaboration = "Belle",
  journal       = "Phys. Rev. D",
  volume        = "82",
  year          = "2010",
  pages         = "072005",
  doi           = "10.1103/PhysRevD.82.072005",
  reportNumber  = "BELLE-PREPRINT-2010-8-KEK-PREPRINT-2010-7",
  eprint        = "1005.2302",
  archivePrefix = "arXiv",
  primaryClass  = "hep-ex"
}

@article{RD_Belle3,
  author        = "Huschle, M. and others",
  title         = "Measurement of the branching ratio of {$\bar{B} \to D^{(\ast)}
                   \tau^- \bar{\nu}_\tau$} relative to {$\bar{B} \to D^{(\ast)}
                   \ell^- \bar{\nu}_\ell$} decays with hadronic tagging at {B}elle",
  collaboration = "Belle",
  journal       = "Phys. Rev. D",
  volume        = "92",
  year          = "2015",
  pages         = "072014",
  doi           = "10.1103/PhysRevD.92.072014",
  reportNumber  = "KEK-REPORT-2015-18",
  eprint        = "1507.03233",
  archivePrefix = "arXiv",
  primaryClass  = "hep-ex"
}

@article{RD_Belle4,
  author        = "Sato, Y. and others",
  title         = "{Measurement of the branching ratio of $\bar{B}^0 \rightarrow D^{*+}
                    \tau^- \bar{\nu}_{\tau}$ relative to $\bar{B}^0 \rightarrow D^{*+}
                    \ell^- \bar{\nu}_{\ell}$ decays with a semileptonic tagging method}",
  collaboration = "Belle",
  journal       = "Phys. Rev. D",
  volume        = "94",
  year          = "2016",
  pages         = "072007",
  doi           = "10.1103/PhysRevD.94.072007",
  reportNumber  = "KEK-PREPRINT-2016-8, BELLE-PREPRINT-2016-8",
  eprint        = "1607.07923",
  archivePrefix = "arXiv",
  primaryClass  = "hep-ex"
}

@article{RD_Belle5,
  author        = "Hirose, S. and others",
  title         = "{Measurement of the $\tau$ lepton polarization and $R(D^*)$
                    in the decay $\bar{B} \to D^* \tau^- \bar{\nu}_\tau$}",
  collaboration = "Belle",
  journal       = "Phys. Rev. Lett.",
  volume        = "118",
  year          = "2017",
  pages         = "211801",
  doi           = "10.1103/PhysRevLett.118.211801",
  reportNumber  = "KEK-PREPRINT-2016-53, BELLE-PREPRINT-2016-14",
  eprint        = "1612.00529",
  archivePrefix = "arXiv",
  primaryClass  = "hep-ex"
}

@article{RD_Belle6,
  author        = "Hirose, S. and others",
  title         = "{Measurement of the $\tau$ lepton polarization and $R(D^*)$ in the decay $\bar{B}
                    \rightarrow D^* \tau^- \bar{\nu}_\tau$ with one-prong hadronic $\tau$ decays at Belle}",
  collaboration = "Belle",
  journal       = "Phys. Rev. D",
  volume        = "97",
  year          = "2018",
  pages         = "012004",
  doi           = "10.1103/PhysRevD.97.012004",
  reportNumber  = "KEK-PREPRINT-2017-26, BELLE-PREPRINT-2017-18",
  eprint        = "1709.00129",
  archivePrefix = "arXiv",
  primaryClass  = "hep-ex"
}

@article{RD_Belle7,
  author        = "Caria, G. and others",
  title         = "{Measurement of $\mathcal{R}(D)$ and $\mathcal{R}(D^*)$ with a semileptonic tagging method}",
  collaboration = "Belle",
  journal       = "Phys. Rev. Lett.",
  volume        = "124",
  number        = "16",
  year          = "2020",
  pages         = "161803",
  doi           = "10.1103/PhysRevLett.124.161803",
  reportNumber  = "Belle-2019-18, KEK-2019-40",
  eprint        = "1910.05864",
  archivePrefix = "arXiv",
  primaryClass  = "hep-ex"
}

@article{RD_LHCb1,
  author        = "Aaij, Roel and others",
  title         = "Measurement of the ratio of branching fractions {$\mathcal{B}(\bar{B}^0 \to
                   D^{*+}\tau^{-}\bar{\nu}_{\tau})/\mathcal{B}(\bar{B}^0 \to D^{*+}\mu^{-}\bar{\nu}_{\mu})$}",
  collaboration = "LHCb",
  journal       = "Phys. Rev. Lett.",
  volume        = "115",
  year          = "2015",
  pages         = "111803",
  doi           = "10.1103/PhysRevLett.115.159901",
  reportNumber  = "CERN-PH-EP-2015-150, LHCB-PAPER-2015-025",
  note          = "[Erratum: \DOI{10.1103/PhysRevLett.115.111803}]",
  eprint        = "1506.08614",
  archivePrefix = "arXiv",
  primaryClass  = "hep-ex"
}

@article{RD_LHCb2,
  author        = "Aaij, R. and others",
  title         = "{Measurement of the ratio of the $B^0 \to D^{*-} \tau^+ \nu_{\tau}$ and $B^0 \to
                    D^{*-} \mu^+ \nu_{\mu}$ branching fractions using three-prong $\tau$-lepton decays}",
  collaboration = "LHCb",
  journal       = "Phys. Rev. Lett.",
  volume        = "120",
  number        = "17",
  year          = "2018",
  pages         = "171802",
  doi           = "10.1103/PhysRevLett.120.171802",
  reportNumber  = "LHCB-PAPER-2017-017, CERN-EP-2017-212",
  eprint        = "1708.08856",
  archivePrefix = "arXiv",
  primaryClass  = "hep-ex"
}

@article{RD_LHCb3,
  author        = "Aaij, R. and others",
  title         = "{Test of Lepton Flavor Universality by the measurement of the $B^0 \to D^{*-}
                    \tau^+ \nu_{\tau}$ branching fraction using three-prong $\tau$ decays}",
  collaboration = "LHCb",
  journal       = "Phys. Rev. D",
  volume        = "97",
  number        = "7",
  year          = "2018",
  pages         = "072013",
  doi           = "10.1103/PhysRevD.97.072013",
  reportNumber  = "CERN-EP-2017-256, LHCB-PAPER-2017-027",
  eprint        = "1711.02505",
  archivePrefix = "arXiv",
  primaryClass  = "hep-ex",
  SLACcitation  = "%%CITATION = ARXIV:1711.02505;%%"
}

@article{RD_LHCb4,
  title         = "{Measurement of the ratios of branching fractions
                    $\mathcal{R}(D^{*})$ and $\mathcal{R}(D^{0})$}",
  collaboration = "LHCb",
  month         = "2",
  year          = "2023",
  reportNumber  = "LHCb-PAPER-2022-039, CERN-EP-2022-284",
  eprint        = "2302.02886",
  archivePrefix = "arXiv",
  primaryClass  = "hep-ex"
}

@misc{RD_Moriond2019,
  title = {{Average of $R(\mathrm{D})$ and $R(\mathrm{D}^{*+})$ for Spring 2019}},
  url   = {https://hflav-eos.web.cern.ch/hflav-eos/semi/spring19/html/RDsDsstar/RDRDs.html},
  note  = {(Retrieved Feb 2, 2020)}
}

@misc{RD_HFLAV_2022,
  title = {{Average of $R(\mathrm{D})$ and $R(\mathrm{D}^{*})$ for End 2022}},
  url   = {https://hflav-eos.web.cern.ch/hflav-eos/semi/fall22/html/RDsDsstar/RDRDs.html},
  note  = {(Retrieved Nov 17, 2022)}
}

@misc{RK_Moriond2019,
  title = {{Lepton Flavour Universality tests with heavy flavour decays at LHCb -- Including a new RK result}},
  url   = {http://moriond.in2p3.fr/2019/EW/slides/6_Friday/1_morning/6_Humair.pdf},
  note  = {Presented at the Moriond EW 2019 Conference. (Retrieved Feb 2, 2020)}
}

@misc{flavor_anomalies_plot,
  author = {Koppenburg, Patrick},
  title  = "{Flavour Anomalies}",
  year   = {2022},
  url    = {https://www.nikhef.nl/~pkoppenb/anomalies.html},
  note   = {(Retrieved Jan 23, 2023)}
}


%%%%%%%%%%%%%%%%%%%%%%%%%%%%%%%%%%%%%%%%%%%%%%%%%%
%:  Introduction - B anomalies - phenomenology   %
%%%%%%%%%%%%%%%%%%%%%%%%%%%%%%%%%%%%%%%%%%%%%%%%%%

@article{RK_BaBar1,
  author        = "Lees, J. P. and others",
  title         = "{Measurement of Branching Fractions and Rate Asymmetries
                    in the Rare Decays $B \to K^{(*)} l^+ l^-$}",
  collaboration = "BaBar",
  journal       = "Phys. Rev. D",
  volume        = "86",
  year          = "2012",
  pages         = "032012",
  doi           = "10.1103/PhysRevD.86.032012",
  reportNumber  = "SLAC-PUB-14957, BABAR-PUB-12-002",
  eprint        = "1204.3933",
  archivePrefix = "arXiv",
  primaryClass  = "hep-ex"
}

@article{RK_Belle1,
  author        = "Wei, J. -T. and others",
  title         = "{Measurement of the Differential Branching Fraction and
                    Forward-Backward Asymmetry for $B \to K^{(*)}\ell^+\ell^-$}",
  collaboration = "Belle",
  journal       = "Phys. Rev. Lett.",
  volume        = "103",
  year          = "2009",
  pages         = "171801",
  doi           = "10.1103/PhysRevLett.103.171801",
  reportNumber  = "BELLE-PREPRINT-2009-7, KEK-PREPRINT-2008-56",
  eprint        = "0904.0770",
  archivePrefix = "arXiv",
  primaryClass  = "hep-ex"
}

@article{RK_Belle2,
  author        = "Abdesselam, A. and others",
  title         = "{Test of Lepton-Flavor Universality in ${B\to K^\ast\ell^+\ell^-}$ Decays at Belle}",
  collaboration = "Belle",
  journal       = "Phys. Rev. Lett.",
  volume        = "126",
  number        = "16",
  year          = "2021",
  pages         = "161801",
  doi           = "10.1103/PhysRevLett.126.161801",
  reportNumber  = "BELLE-CONF-1901, Belle Preprint 2020-14, KEK Preprint 2020-16",
  eprint        = "1904.02440",
  archivePrefix = "arXiv",
  primaryClass  = "hep-ex"
}

@article{RK_Belle3,
  author        = "Choudhury, S. and others",
  title         = "{Test of lepton flavor universality and search for lepton
                    flavor violation in $B \rightarrow K\ell \ell$ decays}",
  collaboration = "BELLE",
  journal       = "JHEP",
  volume        = "03",
  year          = "2021",
  pages         = "105",
  doi           = "10.1007/JHEP03(2021)105",
  reportNumber  = "BELLE-CONF-1904, Belle Preprint 2020-11, KEK Preprint 2020-12",
  eprint        = "1908.01848",
  archivePrefix = "arXiv",
  primaryClass  = "hep-ex"
}

@article{P5_Belle1,
  author        = "Wehle, S. and others",
  title         = "Lepton-Flavor-Dependent Angular Analysis of {$B\to K^\ast \ell^+\ell^-$}",
  collaboration = "Belle",
  journal       = "Phys. Rev. Lett.",
  volume        = "118",
  year          = "2017",
  pages         = "111801",
  doi           = "10.1103/PhysRevLett.118.111801",
  reportNumber  = "BELLE-PREPRINT-2016-15, KEK-PREPRINT-2016-54",
  eprint        = "1612.05014",
  archivePrefix = "arXiv",
  primaryClass  = "hep-ex"
}

@article{P5_CDF1,
  author        = "Aaltonen, T. and others",
  title         = "{Measurements of the Angular Distributions in the Decays $B \to K^{(*)} \mu^+ \mu^-$ at CDF}",
  collaboration = "CDF",
  journal       = "Phys. Rev. Lett.",
  volume        = "108",
  year          = "2012",
  pages         = "081807",
  doi           = "10.1103/PhysRevLett.108.081807",
  reportNumber  = "FERMILAB-PUB-11-364-PPD",
  eprint        = "1108.0695",
  archivePrefix = "arXiv",
  primaryClass  = "hep-ex"
}

@article{P5_CMS1,
  author        = "Sirunyan, Albert M and others",
  title         = "{Measurement of angular parameters from the decay $\mathrm{B}^0 \to \mathrm{K}^{*0}
                    \mu^+ \mu^-$ in proton-proton collisions at $\sqrt{s} = $ 8 TeV}",
  collaboration = "CMS",
  journal       = "Phys. Lett. B",
  volume        = "781",
  year          = "2018",
  pages         = "517",
  doi           = "10.1016/j.physletb.2018.04.030",
  reportNumber  = "CMS-BPH-15-008, CERN-EP-2017-240",
  eprint        = "1710.02846",
  archivePrefix = "arXiv",
  primaryClass  = "hep-ex"
}

@article{P5_ATLAS1,
  author        = "Aaboud, Morad and others",
  title         = "{Angular analysis of $B^0_d \rightarrow K^{*}\mu^+\mu^-$ decays in
                    $pp$ collisions at $\sqrt{s}= 8$ TeV with the ATLAS detector}",
  collaboration = "ATLAS",
  journal       = "JHEP",
  volume        = "10",
  year          = "2018",
  pages         = "047",
  doi           = "10.1007/JHEP10(2018)047",
  reportNumber  = "CERN-EP-2017-161",
  eprint        = "1805.04000",
  archivePrefix = "arXiv",
  primaryClass  = "hep-ex"
}

@article{P5_LHCb1,
  author        = "Aaij, Roel and others",
  title         = "{Angular analysis of the $B^{0} \to K^{*0} \mu^{+} \mu^{-}$
                    decay using 3 fb$^{-1}$ of integrated luminosity}",
  collaboration = "LHCb",
  journal       = "JHEP",
  volume        = "02",
  year          = "2016",
  pages         = "104",
  doi           = "10.1007/JHEP02(2016)104",
  reportNumber  = "CERN-PH-EP-2015-314, LHCB-PAPER-2015-051",
  eprint        = "1512.04442",
  archivePrefix = "arXiv",
  primaryClass  = "hep-ex"
}

@article{P5_LHCb2,
  author        = "Aaij, Roel and others",
  title         = "{Measurement of $CP$-Averaged Observables in the
                    $B^{0}\rightarrow K^{*0}\mu^{+}\mu^{-}$ Decay}",
  collaboration = "LHCb",
  journal       = "Phys. Rev. Lett.",
  volume        = "125",
  number        = "1",
  year          = "2020",
  pages         = "011802",
  doi           = "10.1103/PhysRevLett.125.011802",
  reportNumber  = "LHCb-PAPER-2020-002, CERN-EP-2020-027",
  eprint        = "2003.04831",
  archivePrefix = "arXiv",
  primaryClass  = "hep-ex"
}

@article{P5_LHCb3,
  author        = "Aaij, Roel and others",
  title         = "{Angular Analysis of the  $B^{+}\rightarrow K^{\ast+}\mu^{+}\mu^{-}$ Decay}",
  collaboration = "LHCb",
  journal       = "Phys. Rev. Lett.",
  volume        = "126",
  number        = "16",
  year          = "2021",
  pages         = "161802",
  doi           = "10.1103/PhysRevLett.126.161802",
  reportNumber  = "LHCb-PAPER-2020-041, CERN-EP-2020-239",
  eprint        = "2012.13241",
  archivePrefix = "arXiv",
  primaryClass  = "hep-ex"
}

@article{B-Kmumu_LHCb1,
  author        = "Aaij, R. and others",
  title         = "{Differential branching fractions and isospin
                    asymmetries of $B \to K^{(*)} \mu^+ \mu^-$ decays}",
  collaboration = "LHCb",
  journal       = "JHEP",
  volume        = "06",
  year          = "2014",
  pages         = "133",
  doi           = "10.1007/JHEP06(2014)133",
  reportNumber  = "LHCB-PAPER-2014-006, CERN-PH-EP-2014-055",
  eprint        = "1403.8044",
  archivePrefix = "arXiv",
  primaryClass  = "hep-ex"
}

@article{B-Kmumu_LHCb2,
  author        = "Aaij, Roel and others",
  title         = "{Measurements of the S-wave fraction in $B^{0}\rightarrow K^{+}\pi^{-}\mu^{+}\mu^{-}$ decays
                    and the $B^{0}\rightarrow K^{\ast}(892)^{0}\mu^{+}\mu^{-}$ differential branching fraction}",
  collaboration = "LHCb",
  journal       = "JHEP",
  volume        = "11",
  year          = "2016",
  pages         = "047",
  doi           = "10.1007/JHEP11(2016)047",
  reportNumber  = "CERN-EP-2016-141, LHCB-PAPER-2016-012",
  note          = "[Erratum: \DOI{10.1007/JHEP04(2017)142}]",
  eprint        = "1606.04731",
  archivePrefix = "arXiv",
  primaryClass  = "hep-ex"
}

@article{B-phimumu_LHCb1,
  author        = "Aaij, Roel and others",
  title         = "{Angular analysis and differential branching fraction of the decay $B^0_s\to\phi\mu^+\mu^-$}",
  collaboration = "LHCb",
  journal       = "JHEP",
  volume        = "09",
  year          = "2015",
  pages         = "179",
  doi           = "10.1007/JHEP09(2015)179",
  reportNumber  = "CERN-PH-EP-2015-145, LHCB-PAPER-2015-023",
  eprint        = "1506.08777",
  archivePrefix = "arXiv",
  primaryClass  = "hep-ex"
}

@article{B-phimumu_LHCb2,
  author        = "Aaij, Roel and others",
  title         = "{Branching Fraction Measurements of the Rare $B^0_s\rightarrow\phi\mu^+\mu^-$
                    and $B^0_s\rightarrow f_2^\prime(1525)\mu^+\mu^-$- Decays}",
  collaboration = "LHCb",
  journal       = "Phys. Rev. Lett.",
  volume        = "127",
  number        = "15",
  year          = "2021",
  pages         = "151801",
  doi           = "10.1103/PhysRevLett.127.151801",
  reportNumber  = "LHCb-PAPER-2021-014, CERN-EP-2021-092",
  eprint        = "2105.14007",
  archivePrefix = "arXiv",
  primaryClass  = "hep-ex"
}

@article{B-Jpsimumu_LHCb2,
  author        = "Aaij, R. and others",
  title         = "{Measurement of the ratio of branching fractions
                    $\mathcal{B}(B_c^+\,\to\,J/\psi\tau^+\nu_\tau)$/$\mathcal{B}(B_c^+\,\to\,J/\psi\mu^+\nu_\mu)$}",
  collaboration = "LHCb",
  journal       = "Phys. Rev. Lett.",
  volume        = "120",
  number        = "12",
  year          = "2018",
  pages         = "121801",
  doi           = "10.1103/PhysRevLett.120.121801",
  reportNumber  = "LHCB-PAPER-2017-035, CERN-EP-2017-275",
  eprint        = "1711.05623",
  archivePrefix = "arXiv",
  primaryClass  = "hep-ex"
}

@article{RK_LHCb1,
  author        = "Aaij, Roel and others",
  title         = "{Test of lepton universality using $B^{+}\rightarrow K^{+}\ell^{+}\ell^{-}$ decays}",
  collaboration = "LHCb",
  journal       = "Phys. Rev. Lett.",
  volume        = "113",
  year          = "2014",
  pages         = "151601",
  doi           = "10.1103/PhysRevLett.113.151601",
  reportNumber  = "CERN-PH-EP-2014-140, LHCB-PAPER-2014-024",
  eprint        = "1406.6482",
  archivePrefix = "arXiv",
  primaryClass  = "hep-ex"
}

@article{RK_LHCb2,
  author        = "Aaij, R. and others",
  title         = "{Test of lepton universality with $B^{0} \rightarrow K^{*0}\ell^{+}\ell^{-}$ decays}",
  collaboration = "LHCb",
  journal       = "JHEP",
  volume        = "08",
  year          = "2017",
  pages         = "055",
  doi           = "10.1007/JHEP08(2017)055",
  reportNumber  = "LHCB-PAPER-2017-013, CERN-EP-2017-100",
  eprint        = "1705.05802",
  archivePrefix = "arXiv",
  primaryClass  = "hep-ex"
}

@article{RK_LHCb3,
  author        = "Aaij, Roel and others",
  title         = "{Search for lepton-universality violation in $B^+\to K^+\ell^+\ell^-$ decays}",
  collaboration = "LHCb",
  journal       = "Phys. Rev. Lett.",
  volume        = "122",
  number        = "19",
  year          = "2019",
  pages         = "191801",
  doi           = "10.1103/PhysRevLett.122.191801",
  eprint        = "1903.09252",
  archivePrefix = "arXiv",
  primaryClass  = "hep-ex",
  SLACcitation  = "%%CITATION = ARXIV:1903.09252;%%"
}

@article{RK_LHCb4,
  author        = "Aaij, Roel and others",
  title         = "{Test of lepton universality in beauty-quark decays}",
  collaboration = "LHCb",
  journal       = "Nature Phys.",
  volume        = "18",
  number        = "3",
  year          = "2022",
  pages         = "277",
  doi           = "10.1038/s41567-021-01478-8",
  reportNumber  = "LHCb-PAPER-2021-004, CERN-EP-2021-042",
  eprint        = "2103.11769",
  archivePrefix = "arXiv",
  primaryClass  = "hep-ex"
}

@article{RK_LHCb5,
  author        = "Aaij, Roel and others",
  title         = "{Tests of lepton universality using $B^0\to K^0_S \ell^+
                    \ell^-$ and $B^+\to K^{*+} \ell^+ \ell^-$ decays}",
  collaboration = "LHCb",
  journal       = "Phys. Rev. Lett.",
  volume        = "128",
  number        = "19",
  year          = "2022",
  pages         = "191802",
  doi           = "10.1103/PhysRevLett.128.191802",
  reportNumber  = "LHCb-PAPER-2021-038, CERN-EP-2021-208",
  eprint        = "2110.09501",
  archivePrefix = "arXiv",
  primaryClass  = "hep-ex"
}

@article{RK_LHCb6,
  title         = "{Test of lepton universality in $b \rightarrow s \ell^+ \ell^-$ decays}",
  collaboration = "LHCb",
  month         = "12",
  year          = "2022",
  reportNumber  = "LHCb-PAPER-2022-046, CERN-EP-2022-277",
  eprint        = "2212.09152",
  archivePrefix = "arXiv",
  primaryClass  = "hep-ex"
}

@article{RK_LHCb7,
  title         = "{Measurement of lepton universality parameters in $B^+\to
                    K^+\ell^+\ell^-$ and $B^0\to K^{*0}\ell^+\ell^-$ decays}",
  collaboration = "LHCb",
  month         = "12",
  year          = "2022",
  reportNumber  = "LHCb-PAPER-2022-045, CERN-EP-2022-278",
  eprint        = "2212.09153",
  archivePrefix = "arXiv",
  primaryClass  = "hep-ex"
}

@article{RD_LQ_pheno1,
  author        = "Tanaka, Minoru and Watanabe, Ryoutaro",
  title         = "New physics in the weak interaction of {$\bar B \to D^{(*)}\tau\bar\nu$}",
  journal       = "Phys. Rev. D",
  volume        = "87",
  year          = "2013",
  pages         = "034028",
  doi           = "10.1103/PhysRevD.87.034028",
  reportNumber  = "OU-HET-772-2012",
  eprint        = "1212.1878",
  archivePrefix = "arXiv",
  primaryClass  = "hep-ph",
  SLACcitation  = "%%CITATION = ARXIV:1212.1878;%%"
}

@article{RD_LQ_pheno2,
  author        = "Sakaki, Yasuhito and Tanaka, Minoru and Tayduganov, Andrey and Watanabe, Ryoutaro",
  title         = "Testing leptoquark models in {$\bar B \to D^{(*)} \tau \bar\nu$}",
  journal       = "Phys. Rev. D",
  volume        = "88",
  year          = "2013",
  pages         = "094012",
  doi           = "10.1103/PhysRevD.88.094012",
  reportNumber  = "KEK-TH-1660, OU-HET-791",
  eprint        = "1309.0301",
  archivePrefix = "arXiv",
  primaryClass  = "hep-ph",
  SLACcitation  = "%%CITATION = ARXIV:1309.0301;%%"
}

@article{RD_LQ_pheno3,
  author        = "Dor{\v{s}}ner, Ilja and Fajfer, Svjetlana and
                   Ko{\v{s}}nik, Nejc and Ni{\u{s}}and{\v{z}}i{\'c}, Ivan",
  title         = "Minimally flavored colored scalar in {$\bar B \to D^{(*)}
                   \tau \bar \nu$} and the mass  matrices constraints",
  journal       = "JHEP",
  volume        = "11",
  year          = "2013",
  pages         = "084",
  doi           = "10.1007/JHEP11(2013)084",
  eprint        = "1306.6493",
  archivePrefix = "arXiv",
  primaryClass  = "hep-ph",
  SLACcitation  = "%%CITATION = ARXIV:1306.6493;%%"
}

@article{RD_LQ_pheno4,
  author        = "Gripaios, Ben and Nardecchia, Marco and Renner, S. A.",
  title         = "Composite leptoquarks and anomalies in $B$-meson decays",
  journal       = "JHEP",
  volume        = "05",
  year          = "2015",
  pages         = "006",
  doi           = "10.1007/JHEP05(2015)006",
  eprint        = "1412.1791",
  archivePrefix = "arXiv",
  primaryClass  = "hep-ph",
  SLACcitation  = "%%CITATION = ARXIV:1412.1791;%%"
}

@article{RD_LQ_pheno5,
  author        = "Alonso, Rodrigo and Grinstein, Benjam{\'i}n and Martin Camalich, Jorge",
  title         = "{Lepton universality violation and lepton flavor conservation in $B$-meson decays}",
  journal       = "JHEP",
  volume        = "10",
  year          = "2015",
  pages         = "184",
  doi           = "10.1007/JHEP10(2015)184",
  eprint        = "1505.05164",
  archivePrefix = "arXiv",
  primaryClass  = "hep-ph"
}

@article{RD_LQ_pheno6,
  author        = "Calibbi, Lorenzo and Crivellin, Andreas and Ota, Toshihiko",
  title         = "{Effective Field Theory Approach to $b\to s\ell\ell^{(')}$, $B\to
                    K^{(*)}\nu\overline{\nu}$ and $B\to D^{(*)}\tau\nu$ with Third  Generation Couplings}",
  journal       = "Phys. Rev. Lett.",
  volume        = "115",
  year          = "2015",
  pages         = "181801",
  doi           = "10.1103/PhysRevLett.115.181801",
  reportNumber  = "CERN-PH-TH-2015-134, STUPP-15-222",
  eprint        = "1506.02661",
  archivePrefix = "arXiv",
  primaryClass  = "hep-ph"
}

@article{RD_LQ_pheno7,
  author        = "Bauer, Martin and Neubert, Matthias",
  title         = "Minimal Leptoquark Explanation for the {$R_{D^{(*)}}$},
                   {$R_K$} , and {$(g-2)_\mu$} Anomalies",
  journal       = "Phys. Rev. Lett.",
  volume        = "116",
  year          = "2016",
  pages         = "141802",
  doi           = "10.1103/PhysRevLett.116.141802",
  reportNumber  = "MITP-15-100",
  eprint        = "1511.01900",
  archivePrefix = "arXiv",
  primaryClass  = "hep-ph",
  SLACcitation  = "%%CITATION = ARXIV:1511.01900;%%"
}

@article{RD_LQ_pheno8,
  author        = "Barbieri, Riccardo and Isidori, Gino and Pattori, Andrea and Senia, Fabrizio",
  title         = "{Anomalies in $B$-decays and $U(2)$ flavour symmetry}",
  journal       = "Eur. Phys. J. C",
  volume        = "76",
  number        = "2",
  year          = "2016",
  pages         = "67",
  doi           = "10.1140/epjc/s10052-016-3905-3",
  reportNumber  = "ZU-TH-44-15",
  eprint        = "1512.01560",
  archivePrefix = "arXiv",
  primaryClass  = "hep-ph",
  SLACcitation  = "%%CITATION = ARXIV:1512.01560;%%"
}

@article{RD_LQ_pheno9,
  author        = "Dor{\v{s}}ner, I. and Fajfer, S. and Greljo, A. and Kamenik, J. F. and Ko{\v{s}}nik, N.",
  title         = "{Physics of leptoquarks in precision experiments and at particle colliders}",
  journal       = "Phys. Rept.",
  volume        = "641",
  year          = "2016",
  pages         = "1",
  doi           = "10.1016/j.physrep.2016.06.001",
  eprint        = "1603.04993",
  archivePrefix = "arXiv",
  primaryClass  = "hep-ph",
  SLACcitation  = "%%CITATION = ARXIV:1603.04993;%%"
}

@article{RD_LQ_pheno10,
  author        = "Dumont, B{\'e}ranger and Nishiwaki, Kenji and Watanabe, Ryoutaro",
  title         = "{LHC} constraints and prospects for {$S_1$} scalar leptoquark
                    explaining the {$\bar B \to D^{(*)} \tau \bar\nu$} anomaly",
  journal       = "Phys. Rev. D",
  volume        = "94",
  year          = "2016",
  pages         = "034001",
  doi           = "10.1103/PhysRevD.94.034001",
  reportNumber  = "KIAS-P16023, CTPU-16-07",
  eprint        = "1603.05248",
  archivePrefix = "arXiv",
  primaryClass  = "hep-ph",
  SLACcitation  = "%%CITATION = ARXIV:1603.05248;%%"
}

@article{RD_LQ_pheno11,
  author        = "Coluccio Leskow, Estefania and DAmbrosio, Giancarlo and Crivellin, Andreas and Muller, Dario",
  title         = "{$(g-2)_\mu$}, lepton flavor violation, and {Z} decays
                    with leptoquarks: Correlations and future prospects",
  journal       = "Phys. Rev. D",
  volume        = "95",
  year          = "2017",
  pages         = "055018",
  doi           = "10.1103/PhysRevD.95.055018",
  reportNumber  = "PSI-PR-16-17, ZU-TH-44-16",
  eprint        = "1612.06858",
  archivePrefix = "arXiv",
  primaryClass  = "hep-ph",
  SLACcitation  = "%%CITATION = ARXIV:1612.06858;%%"
}

@article{RD_LQ_pheno12,
  author        = "Be$\text{\u{c}}$irevi{\'c}, Damir and Sumensari, Olcyr",
  title         = "A leptoquark model to accommodate {$R_K^\mathrm{exp} < R_K^\mathrm{SM}$}
                   and {$R_{K^\ast}^\mathrm{exp} < R_{K^\ast}^\mathrm{SM}$}",
  journal       = "JHEP",
  volume        = "08",
  year          = "2017",
  pages         = "104",
  doi           = "10.1007/JHEP08(2017)104",
  reportNumber  = "LPT-17-20",
  eprint        = "1704.05835",
  archivePrefix = "arXiv",
  primaryClass  = "hep-ph",
  SLACcitation  = "%%CITATION = ARXIV:1704.05835;%%"
}

@article{RD_LQ_pheno13,
  author        = "Buttazzo, Dario and Greljo, Admir and Isidori, Gino and Marzocca, David",
  title         = "{B-physics anomalies: a guide to combined explanations}",
  journal       = "JHEP",
  volume        = "11",
  year          = "2017",
  pages         = "044",
  doi           = "10.1007/JHEP11(2017)044",
  reportNumber  = "ZU-TH-18-17",
  eprint        = "1706.07808",
  archivePrefix = "arXiv",
  primaryClass  = "hep-ph",
  SLACcitation  = "%%CITATION = ARXIV:1706.07808;%%"
}

@article{RD_LQ_pheno14,
  author        = "Crivellin, Andreas and M{\"{u}}ller, Dario and Ota, Toshihiko",
  title         = "Simultaneous explanation of {$R(D^{(*)})$} and
                   $\mathrm{b}\to\mathrm{s}\mu^{+}\mu^{-}$: the last scalar leptoquarks standing",
  journal       = "JHEP",
  volume        = "09",
  year          = "2017",
  pages         = "040",
  doi           = "10.1007/JHEP09(2017)040",
  reportNumber  = "PSI-PR-17-04, YACHAY-PUB-17-03-PN, ZU-TH-05-17",
  eprint        = "1703.09226",
  archivePrefix = "arXiv",
  primaryClass  = "hep-ph",
  SLACcitation  = "%%CITATION = ARXIV:1703.09226;%%"
}

@article{RD_LQ_pheno15,
  author        = "Hiller, Gudrun and Ni$\text{\u{s}}$and$\text{\v{z}}$i{\'c}, Ivan",
  title         = "{$R_K$} and {$R_{K^{\ast}}$} beyond the standard model",
  journal       = "Phys. Rev. D",
  volume        = "96",
  year          = "2017",
  pages         = "035003",
  doi           = "10.1103/PhysRevD.96.035003",
  reportNumber  = "DO-TH-17-04",
  eprint        = "1704.05444",
  archivePrefix = "arXiv",
  primaryClass  = "hep-ph",
  SLACcitation  = "%%CITATION = ARXIV:1704.05444;%%"
}

@article{RD_LQ_pheno16,
  author        = "Dor{\v{s}}ner, Ilja and Fajfer, Svjetlana and Faroughy, Darius A. and Ko{\v{s}}nik, Nejc",
  title         = "{The role of the $S_3$ GUT leptoquark in flavor universality and collider searches}",
  journal       = "JHEP",
  volume        = "10",
  year          = "2017",
  pages         = "188",
  doi           = "10.1007/JHEP10(2017)188",
  eprint        = "1706.07779",
  archivePrefix = "arXiv",
  primaryClass  = "hep-ph",
  SLACcitation  = "%%CITATION = ARXIV:1706.07779;%%"
}

@article{RD_LQ_pheno17,
  author        = "Di Luzio, Luca and Greljo, Admir and Nardecchia, Marco",
  title         = "{Gauge leptoquark as the origin of B-physics anomalies}",
  journal       = "Phys. Rev. D",
  volume        = "96",
  number        = "11",
  year          = "2017",
  pages         = "115011",
  doi           = "10.1103/PhysRevD.96.115011",
  reportNumber  = "IPPP-17-66, ZU-TH-24-17",
  eprint        = "1708.08450",
  archivePrefix = "arXiv",
  primaryClass  = "hep-ph",
  SLACcitation  = "%%CITATION = ARXIV:1708.08450;%%"
}

@article{RD_LQ_pheno18,
  author        = "Calibbi, Lorenzo and Crivellin, Andreas and Li, Tianjun",
  title         = "{Model of vector leptoquarks in view of the $B$-physics anomalies}",
  journal       = "Phys. Rev. D",
  volume        = "98",
  number        = "11",
  year          = "2018",
  pages         = "115002",
  doi           = "10.1103/PhysRevD.98.115002",
  reportNumber  = "PSI-PR-12-17",
  eprint        = "1709.00692",
  archivePrefix = "arXiv",
  primaryClass  = "hep-ph",
  SLACcitation  = "%%CITATION = ARXIV:1709.00692;%%"
}

@article{RD_LQ_pheno19,
  author        = "Bordone, Marzia and Cornella, Claudia and Fuentes-Mart{\'i}n, Javier and Isidori, Gino",
  title         = "{A three-site gauge model for flavor hierarchies and flavor anomalies}",
  journal       = "Phys. Lett. B",
  volume        = "779",
  year          = "2018",
  pages         = "317",
  doi           = "10.1016/j.physletb.2018.02.011",
  reportNumber  = "ZU-TH-36-17",
  eprint        = "1712.01368",
  archivePrefix = "arXiv",
  primaryClass  = "hep-ph",
  SLACcitation  = "%%CITATION = ARXIV:1712.01368;%%"
}

@article{RD_LQ_pheno20,
  author        = "Hiller, Gudrun and Loose, Dennis and Ni$\text{\u{s}}$and$\text{\v{z}}$i{\'c}, Ivan",
  title         = "Flavorful leptoquarks at hadron colliders",
  journal       = "Phys. Rev. D",
  volume        = "97",
  year          = "2018",
  pages         = "075004",
  doi           = "10.1103/PhysRevD.97.075004",
  reportNumber  = "DO-TH 17/27, TTP18-008, DO-TH-17-27",
  eprint        = "1801.09399",
  archivePrefix = "arXiv",
  primaryClass  = "hep-ph",
  SLACcitation  = "%%CITATION = ARXIV:1801.09399;%%"
}

@article{RD_LQ_pheno21,
  author        = "Be{\v{c}}irevi{\'c}, Damir and Dor{\v{s}}ner, Ilja and Fajfer, Svjetlana
                   and Ko{\v{s}}nik, Nejc and Faroughy, Darius A. and Sumensari, Olcyr",
  title         = "{Scalar leptoquarks from grand unified theories to accommodate the $B$-physics anomalies}",
  journal       = "Phys. Rev. D",
  volume        = "98",
  number        = "5",
  year          = "2018",
  pages         = "055003",
  doi           = "10.1103/PhysRevD.98.055003",
  reportNumber  = "LPT-Orsay-18-76, LPT-ORSAY-18-76",
  eprint        = "1806.05689",
  archivePrefix = "arXiv",
  primaryClass  = "hep-ph",
  SLACcitation  = "%%CITATION = ARXIV:1806.05689;%%"
}

@article{RD_LQ_pheno22,
  author        = "Kumar, Jacky and London, David and Watanabe, Ryoutaro",
  title         = "{Combined Explanations of the $b \to s \mu^+ \mu^-$ and $b \to
                    c \tau^- {\bar\nu}$ Anomalies: a General Model Analysis}",
  journal       = "Phys. Rev. D",
  volume        = "99",
  number        = "1",
  year          = "2019",
  pages         = "015007",
  doi           = "10.1103/PhysRevD.99.015007",
  reportNumber  = "UdeM-GPP-TH-18-264, UDEM-GPP-TH-18-264",
  eprint        = "1806.07403",
  archivePrefix = "arXiv",
  primaryClass  = "hep-ph"
}

@article{RD_LQ_pheno23,
  author        = "Di Luzio, Luca and Fuentes-Mart{\'i}n, Javier and
                   Greljo, Admir and Nardecchia, Marco and Renner, Sophie",
  title         = "{Maximal Flavour Violation: a Cabibbo mechanism for leptoquarks}",
  journal       = "JHEP",
  volume        = "11",
  year          = "2018",
  pages         = "081",
  doi           = "10.1007/JHEP11(2018)081",
  reportNumber  = "IPPP/18/69, MITP/18-072, CERN-TH-2018-182",
  eprint        = "1808.00942",
  archivePrefix = "arXiv",
  primaryClass  = "hep-ph",
  SLACcitation  = "%%CITATION = ARXIV:1808.00942;%%"
}

@article{RD_LQ_pheno24,
  author        = "Barbieri, Riccardo and Tesi, Andrea",
  title         = "{$B$-decay anomalies in Pati-Salam SU(4)}",
  journal       = "Eur. Phys. J. C",
  volume        = "78",
  number        = "3",
  year          = "2018",
  pages         = "193",
  doi           = "10.1140/epjc/s10052-018-5680-9",
  eprint        = "1712.06844",
  archivePrefix = "arXiv",
  primaryClass  = "hep-ph",
  SLACcitation  = "%%CITATION = ARXIV:1712.06844;%%"
}

@article{RD_LQ_pheno25,
  author        = "Marzocca, David",
  title         = "{Addressing the B-physics anomalies in a fundamental Composite Higgs Model}",
  journal       = "JHEP",
  volume        = "07",
  year          = "2018",
  pages         = "121",
  doi           = "10.1007/JHEP07(2018)121",
  eprint        = "1803.10972",
  archivePrefix = "arXiv",
  primaryClass  = "hep-ph",
  SLACcitation  = "%%CITATION = ARXIV:1803.10972;%%"
}

@article{RD_LQ_pheno26,
  author        = "Angelescu, A. and Be{\v{c}}irevi{\'c}, Damir and Faroughy, D. A. and Sumensari, O.",
  title         = "{Closing the window on single leptoquark solutions to the $B$-physics anomalies}",
  journal       = "JHEP",
  volume        = "10",
  year          = "2018",
  pages         = "183",
  doi           = "10.1007/JHEP10(2018)183",
  reportNumber  = "LPT-Orsay-18-81",
  eprint        = "1808.08179",
  archivePrefix = "arXiv",
  primaryClass  = "hep-ph",
  SLACcitation  = "%%CITATION = ARXIV:1808.08179;%%"
}

@article{RD_LQ_pheno27,
  author        = {Baker, Michael J. and Fuentes-Mart{\'i}n, Javier and Isidori, Gino and K{\"o}nig, Matthias},
  title         = "{High-$p_T$ signatures in vector\textendash{}leptoquark models}",
  journal       = "Eur. Phys. J. C",
  volume        = "79",
  number        = "4",
  year          = "2019",
  pages         = "334",
  doi           = "10.1140/epjc/s10052-019-6853-x",
  reportNumber  = "ZU-TH-19/05",
  eprint        = "1901.10480",
  archivePrefix = "arXiv",
  primaryClass  = "hep-ph"
}

@article{RD_LQ_pheno28,
  author        = "Cornella, Claudia and Fuentes-Mart{\'i}n, Javier and Isidori, Gino",
  title         = "{Revisiting the vector leptoquark explanation of the B-physics anomalies}",
  journal       = "JHEP",
  volume        = "07",
  year          = "2019",
  pages         = "168",
  doi           = "10.1007/JHEP07(2019)168",
  reportNumber  = "ZU-TH-15-19",
  eprint        = "1903.11517",
  archivePrefix = "arXiv",
  primaryClass  = "hep-ph"
}

@article{RD_LQ_pheno29,
  author        = "Angelescu, Andrei and Be{\v{c}}irevi{\'c}, Damir and Faroughy,
                   Darius A. and Jaffredo, Florentin and Sumensari, Olcyr",
  title         = "{Single leptoquark solutions to the B-physics anomalies}",
  journal       = "Phys. Rev. D",
  volume        = "104",
  number        = "5",
  year          = "2021",
  pages         = "055017",
  doi           = "10.1103/PhysRevD.104.055017",
  reportNumber  = "ZU-TH 12/21",
  eprint        = "2103.12504",
  archivePrefix = "arXiv",
  primaryClass  = "hep-ph"
}

@article{RD_LQ_pheno30,
  author        = "Cornella, Claudia and Faroughy, Darius A. and Fuentes-Mart{\'i}n,
                   Javier and Isidori, Gino and Neubert, Matthias",
  title         = "{Reading the footprints of the B-meson flavor anomalies}",
  journal       = "JHEP",
  volume        = "08",
  year          = "2021",
  pages         = "050",
  doi           = "10.1007/JHEP08(2021)050",
  eprint        = "2103.16558",
  archivePrefix = "arXiv",
  primaryClass  = "hep-ph"
}

@article{RD_LQ_pheno31,
  author        = "Isidori, Gino and Lancierini, Davide and Owen, Patrick and Serra, Nicola",
  title         = "{On the significance of new physics in $b \rightarrow s \ell^{+} \ell^{-}$ decays}",
  journal       = "Phys. Lett. B",
  volume        = "822",
  year          = "2021",
  pages         = "136644",
  doi           = "10.1016/j.physletb.2021.136644",
  eprint        = "2104.05631",
  archivePrefix = "arXiv",
  primaryClass  = "hep-ph"
}

@article{RD_LQ_pheno32,
  author        = "Aebischer, Jason and Isidori, Gino and Pesut, Marko and Stefanek, Ben A. and Wilsch, Felix",
  title         = "{Confronting the vector leptoquark hypothesis with new low- and high-energy data}",
  month         = "10",
  year          = "2022",
  reportNumber  = "ZU-TH 47/22",
  eprint        = "2210.13422",
  archivePrefix = "arXiv",
  primaryClass  = "hep-ph"
}


%%%%%%%%%%%%%%%%%%%%%%%%%%%%%%%%%
%:  Introduction - LQs theory   %
%%%%%%%%%%%%%%%%%%%%%%%%%%%%%%%%%

@article{LQ_theory1,
  author       = "Shanker, Oruganti U.",
  title        = "{$\pi \ell$2}, {$K \ell$3} and {$K^0 - \bar{K}^{0}$}
                   Constraints on Leptoquarks and Supersymmetric Particles",
  journal      = "Nucl. Phys. B",
  volume       = "204",
  year         = "1982",
  pages        = "375",
  doi          = "10.1016/0550-3213(82)90196-1",
  reportNumber = "TRI-PP-82-8"
}

@article{LQ_theory2,
  author       = "Buchmuller, W. and Wyler, D.",
  title        = "Constraints on {SU(5)} Type Leptoquarks",
  journal      = "Phys. Lett. B",
  volume       = "177",
  year         = "1986",
  pages        = "377",
  doi          = "10.1016/0370-2693(86)90771-9",
  reportNumber = "CERN-TH-4461/86, ITP-UH 1/86"
}

@article{LQ_theory3,
  author       = "Buchmuller, W. and Ruckl, R. and Wyler, D.",
  title        = "{Leptoquarks in Lepton - Quark Collisions}",
  journal      = "Phys. Lett. B",
  volume       = "191",
  year         = "1987",
  pages        = "442",
  doi          = "10.1016/0370-2693(87)90637-X",
  reportNumber = "DESY-86-150, ITP-UH-14-86",
  note         = "[Erratum: Phys.Lett.B 448, 320--320 (1999)]"
}

@article{LQ_scalar_NLO-NNLL,
  author        = {Borschensky, Christoph and Fuks, Benjamin and Kulesza, Anna and Schwartl{\"a}nder, Daniel},
  title         = "{Scalar leptoquark pair production at hadron colliders}",
  journal       = "Phys. Rev. D",
  volume        = "101",
  number        = "11",
  year          = "2020",
  pages         = "115017",
  doi           = "10.1103/PhysRevD.101.115017",
  reportNumber  = "MS-TP-20-09",
  eprint        = "2002.08971",
  archivePrefix = "arXiv",
  primaryClass  = "hep-ph"
}


%%%%%%%%%%%%%%%%%%%%%%%%%%%%%%%%%%%%%
%:  Introduction - LQs experiment   %
%%%%%%%%%%%%%%%%%%%%%%%%%%%%%%%%%%%%%

@article{LQ_CMS_8TeV,
  author        = "Khachatryan, Vardan and others",
  title         = "{Search for single production of scalar leptoquarks in
                    proton-proton collisions at $\sqrt{s} = 8$ $TeV$}",
  collaboration = "CMS",
  journal       = "Phys. Rev. D",
  volume        = "93",
  number        = "3",
  year          = "2016",
  pages         = "032005",
  doi           = "10.1103/PhysRevD.95.039906, 10.1103/PhysRevD.93.032005",
  reportNumber  = "CMS-EXO-12-043, CERN-PH-EP-2015-149",
  note          = "[Erratum: Phys. Rev.D95,no.3,039906(2017)]",
  eprint        = "1509.03750",
  archivePrefix = "arXiv",
  primaryClass  = "hep-ex",
  SLACcitation  = "%%CITATION = ARXIV:1509.03750;%%"
}

@article{LQ3_CMS_bbtautau1,
  author        = "Sirunyan, Albert M and others",
  title         = "{Search for third-generation scalar leptoquarks and heavy right-handed neutrinos in final
                    states with two tau leptons and two jets in proton-proton collisions at $ \sqrt{s}=13 $ TeV}",
  collaboration = "CMS",
  journal       = "JHEP",
  volume        = "07",
  year          = "2017",
  pages         = "121",
  doi           = "10.1007/JHEP07(2017)121",
  reportNumber  = "CMS-EXO-16-023, CERN-EP-2017-025",
  eprint        = "1703.03995",
  archivePrefix = "arXiv",
  primaryClass  = "hep-ex"
}

@article{LQ3_CMS_bbtautau2,
  author        = "Sirunyan, Albert M and others",
  title         = "{Search for heavy neutrinos and third-generation leptoquarks in hadronic states of two
                    $\tau$ leptons and two jets in proton-proton collisions at $\sqrt{s} =$ 13 TeV}",
  collaboration = "CMS",
  journal       = "JHEP",
  volume        = "03",
  year          = "2019",
  pages         = "170",
  doi           = "10.1007/JHEP03(2019)170",
  reportNumber  = "CMS-EXO-17-016, CERN-EP-2018-272",
  eprint        = "1811.00806",
  archivePrefix = "arXiv",
  primaryClass  = "hep-ex",
  SLACcitation  = "%%CITATION = ARXIV:1811.00806;%%"
}

@article{LQ3_CMS_btautau,
  author        = "Sirunyan, A. M. and others",
  title         = "{Search for a singly produced third-generation scalar leptoquark decaying to a $\tau$
                    lepton and a bottom quark in proton-proton collisions at $\sqrt{s} =$ 13 TeV}",
  collaboration = "CMS",
  journal       = "JHEP",
  volume        = "07",
  year          = "2018",
  pages         = "115",
  doi           = "10.1007/JHEP07(2018)115",
  reportNumber  = "CMS-EXO-17-029, CERN-EP-2018-136",
  eprint        = "1806.03472",
  archivePrefix = "arXiv",
  primaryClass  = "hep-ex",
  SLACcitation  = "%%CITATION = ARXIV:1806.03472;%%"
}

@techreport{LQ3_CMS_btautau_AN,
  author       = {Y. Takahashi and C. Galloni and A. Zucchetta and B. Kilminster},
  title        = "{Search for singly produced third-generation leptoquarks decaying to a tau
                   lepton and a b quark in proton-proton collisions at $\sqrt{s}=$ 13 {TeV}}",
  institution  = {CERN},
  type         = {CMS Analysis Note},
  number       = {CMS-AN-17-266},
  year         = {2017},
  reportNumber = {CMS-AN-17-266},
  url          = {http://cms.cern.ch/iCMS/user/noteinfo?cmsnoteid=CMS%20AN-2017/266}
}

@article{LQ3_CMS_toptau,
  author        = "Sirunyan, Albert M and others",
  title         = "{Search for third-generation scalar leptoquarks decaying to
                    a top quark and a $\tau$ lepton at $\sqrt{s}=$ 13 TeV}",
  collaboration = "CMS",
  journal       = "Eur. Phys. J. C",
  volume        = "78",
  year          = "2018",
  pages         = "707",
  doi           = "10.1140/epjc/s10052-018-6143-z",
  reportNumber  = "CMS-B2G-16-028, CERN-EP-2018-019",
  eprint        = "1803.02864",
  archivePrefix = "arXiv",
  primaryClass  = "hep-ex"
}

@article{LQ3_tnubtau_CMS_Run2,
  author        = "Sirunyan, Albert M and others",
  title         = "{Search for singly and pair-produced leptoquarks coupling to third-generation
                    fermions in proton-proton collisions at $\sqrt{s} =$ 13 TeV}",
  collaboration = "CMS",
  journal       = "Phys. Lett. B",
  volume        = "819",
  year          = "2021",
  pages         = "136446",
  doi           = "10.1016/j.physletb.2021.136446",
  reportNumber  = "CMS-EXO-19-015, CERN-EP-2020-216",
  eprint        = "2012.04178",
  archivePrefix = "arXiv",
  primaryClass  = "hep-ex"
}

@article{LQ3_tnubtau_CMS_Run2_SUSY,
  author        = "Sirunyan, Albert M and others",
  title         = "{Searches for physics beyond the standard model with the $M_\mathrm{T2}$
                    variable in hadronic final states with and without disappearing tracks in
                    proton-proton collisions at $\sqrt{s}=$ 13 TeV}",
  collaboration = "CMS",
  journal       = "Eur. Phys. J. C",
  volume        = "80",
  number        = "1",
  year          = "2020",
  pages         = "3",
  doi           = "10.1140/epjc/s10052-019-7493-x",
  reportNumber  = "CMS-SUS-19-005, CERN-EP-2019-180",
  eprint        = "1909.03460",
  archivePrefix = "arXiv",
  primaryClass  = "hep-ex"
}

@article{LQ3_bnuttau_ATLAS_Run2,
  author        = "Aad, Georges and others",
  title         = "{Search for pair production of third-generation scalar leptoquarks decaying into a top quark
                    and a $\tau$-lepton in $pp$ collisions at $ \sqrt{s} $ = 13 TeV with the ATLAS detector}",
  collaboration = "ATLAS",
  journal       = "JHEP",
  volume        = "06",
  year          = "2021",
  pages         = "179",
  doi           = "10.1007/JHEP06(2021)179",
  reportNumber  = "CERN-EP-2020-241",
  eprint        = "2101.11582",
  archivePrefix = "arXiv",
  primaryClass  = "hep-ex"
}

@article{LQ3_tnubtau_ATLAS_Run2,
  author        = "Aad, Georges and others",
  title         = "{Search for new phenomena in $pp$ collisions in final states with tau
                    leptons, b-jets, and missing transverse momentum with the ATLAS detector}",
  collaboration = "ATLAS",
  journal       = "Phys. Rev. D",
  volume        = "104",
  number        = "11",
  year          = "2021",
  pages         = "112005",
  doi           = "10.1103/PhysRevD.104.112005",
  reportNumber  = "CERN-EP-2021-118",
  eprint        = "2108.07665",
  archivePrefix = "arXiv",
  primaryClass  = "hep-ex"
}

@article{HIG-21-001,
  title         = "{Searches for additional Higgs bosons and for vector leptoquarks in $\tau\tau$
                    final states in proton-proton collisions at $\sqrt{s}$ = 13 TeV}",
  collaboration = "CMS",
  month         = "8",
  year          = "2022",
  reportNumber  = "CMS-HIG-21-001, CERN-EP-2022-137",
  eprint        = "2208.02717",
  archivePrefix = "arXiv",
  primaryClass  = "hep-ex"
}

@misc{HIG-21-001_crosscheck_ccc,
  title = {{Exotica General Meeting (30 August 2022) -- EXO-19-016: Discussion of the cross checks}},
  year  = {2022},
  url   = {https://indico.cern.ch/event/1185857/#2-exo-19-016-discussion-of-the},
  note  = {(Retrieved Sep 18, 2022)}
}


%%%%%%%%%%%%%%%%%%%%%%%%%%%%%%%
%:  Samples - LQ generation   %
%%%%%%%%%%%%%%%%%%%%%%%%%%%%%%%

@misc{SLQ_UFO,
  title = {\texttt{LQ\_UFO.tar.gz}},
  year  = {2017},
  url   = {https://cms-project-generators.web.cern.ch/cms-project-generators/LQ_UFO.tar.gz},
  note  = {(Retrieved November 15, 2018)}
}

@misc{SLQ_UFO_NLO,
  title = {\texttt{LQ\_NLO}},
  year  = {2017},
  url   = {https://lqnlo.hepforge.org},
  note  = {(Retrieved May 12, 2019)}
}

@misc{VLQ_UFO,
  title = {\texttt{VectorLQ\_UFO.tar.gz}},
  year  = {2017},
  url   = {https://cms-project-generators.web.cern.ch/cms-project-generators/VectorLQ_UFO.zip},
  note  = {(Retrieved November 15, 2018)}
}

@misc{VLQ_UFO_tchannel,
  title = {\texttt{VectorLQ\_tchannel\_UFO.tar.gz}},
  year  = {2017},
  url   = {https://cms-project-generators.web.cern.ch/cms-project-generators/VectorLQ_tchannel_UFO.zip},
  note  = {(Retrieved November 15, 2018)}
}

@misc{VLQ-s_cards,
  title = {\texttt{SingleVectorLQ/PdfLo}},
  year  = {2019},
  url   = {https://github.com/cms-sw/genproductions/tree/master/bin/MadGraph5_aMCatNLO/cards/production/2017/13TeV/SingleVectorLQ/PdfLo},
  note  = {(Retrieved May 12, 2019)}
}

@misc{VLQ-p_cards,
  title = {\texttt{VectorLQ/PdfLo}},
  year  = {2019},
  url   = {https://github.com/cms-sw/genproductions/tree/master/bin/MadGraph5_aMCatNLO/cards/production/2017/13TeV/VectorLQ/PdfLo},
  note  = {(Retrieved May 12, 2019)}
}

@misc{LQ_sigmas,
  title = "{Leptoquark pair and single production cross sections at the LHC}",
  year  = {2018},
  url   = {https://twiki.cern.ch/twiki/bin/view/CMS/ExoLQCrossSections},
  note  = {(Retrieved November 15, 2018)}
}

@misc{LQ_s,
  title = {{TauID for $13\,\text{TeV}$ run: recommendation from the Tau POG}},
  year  = {2019},
  url   = {https://twiki.cern.ch/twiki/bin/viewauth/CMS/TauIDRecommendationForRun2},
  note  = {(Retrieved January 7, 2020)}
}

@article{LQ_theory_NLO,
  author        = "Dor{\v{s}}ner, Ilja and Greljo, Admir",
  title         = "{Leptoquark toolbox for precision collider studies}",
  journal       = "JHEP",
  volume        = "05",
  year          = "2018",
  pages         = "126",
  doi           = "10.1007/JHEP05(2018)126",
  reportNumber  = "MITP-18-005",
  eprint        = "1801.07641",
  archivePrefix = "arXiv",
  primaryClass  = "hep-ph"
}

@article{LQ_theory_ep,
  author        = "Plehn, T. and Spiesberger, H. and Spira, M. and Zerwas, P. M.",
  title         = "{Formation and decay of scalar leptoquarks / squarks in ep collisions}",
  journal       = "Z. Phys. C",
  volume        = "74",
  year          = "1997",
  pages         = "611",
  doi           = "10.1007/s002880050426",
  reportNumber  = "DESY-97-043, DESY-97-43, BI-TP-97-09, CERN-TH-97-60",
  eprint        = "hep-ph/9703433",
  archivePrefix = "arXiv",
  primaryClass  = "hep-ph"
}

@article{LQ_theory_pp_lepton-induced,
  author        = "Buonocore, Luca and Haisch, Ulrich and Nason, Paolo
                   and Tramontano, Francesco and Zanderighi, Giulia",
  title         = "{Lepton-Quark Collisions at the Large Hadron Collider}",
  journal       = "Phys. Rev. Lett.",
  volume        = "125",
  number        = "23",
  year          = "2020",
  pages         = "231804",
  doi           = "10.1103/PhysRevLett.125.231804",
  reportNumber  = "MPP-2020-69, ZU-TH 14/20",
  eprint        = "2005.06475",
  archivePrefix = "arXiv",
  primaryClass  = "hep-ph"
}

@article{LQ_tchannel,
  author        = "Faroughy, Darius A. and Greljo, Admir and Kamenik, Jernej F.",
  title         = "{Confronting lepton flavor universality violation in
                    B decays with high-$p_T$ tau lepton searches at LHC}",
  journal       = "Phys. Lett. B",
  volume        = "764",
  year          = "2017",
  pages         = "126",
  doi           = "10.1016/j.physletb.2016.11.011",
  reportNumber  = "ZU-TH-35-16",
  eprint        = "1609.07138",
  archivePrefix = "arXiv",
  primaryClass  = "hep-ph"
}

@article{LQ_large_coupling,
  author        = "Schmaltz, Martin and Zhong, Yi-Ming",
  title         = "{The leptoquark Hunter's guide: large coupling}",
  journal       = "JHEP",
  volume        = "01",
  year          = "2019",
  pages         = "132",
  doi           = "10.1007/JHEP01(2019)132",
  eprint        = "1810.10017",
  archivePrefix = "arXiv",
  primaryClass  = "hep-ph",
  SLACcitation  = "%%CITATION = ARXIV:1810.10017;%%"
}

@misc{LQ_summary_CMS_2022,
  title         = "{CMS Exotica Summary plots for 13 TeV data}",
  collaboration = {CMS},
  year          = {2022},
  url           = {https://twiki.cern.ch/twiki/bin/view/CMSPublic/SummaryPlotsEXO13TeV#Leptoquark_summary_plot},
  note          = {(Retrieved Nov 24, 2022)}
}


%%%%%%%%%%%%%%%%%%%%%%%%%%%%%%
%:  Introduction - LQ + DM   %
%%%%%%%%%%%%%%%%%%%%%%%%%%%%%%

@article{DM_coannihilation_codex,
  author        = {Baker, Michael J. and others},
  title         = {{The Coannihilation Codex}},
  journal       = {JHEP},
  volume        = {12},
  year          = {2015},
  pages         = {120},
  doi           = {10.1007/JHEP12(2015)120},
  reportNumber  = {MITP-15-078},
  eprint        = {1510.03434},
  archivePrefix = {arXiv},
  primaryClass  = {hep-ph},
  SLACcitation  = {%%CITATION = ARXIV:1510.03434;%%}
}

@article{CMS_LQ2_DM,
  author        = {Sirunyan, Albert M and others},
  title         = {{Search for dark matter in events with a leptoquark and missing
                    transverse momentum in proton-proton collisions at 13 TeV}},
  collaboration = {CMS},
  journal       = {Phys. Lett. B},
  volume        = {795},
  year          = {2019},
  pages         = {76},
  doi           = {10.1016/j.physletb.2019.05.046},
  reportNumber  = {CMS-EXO-17-015, CERN-EP-2018-278},
  eprint        = {1811.10151},
  archivePrefix = {arXiv},
  primaryClass  = {hep-ex},
  SLACcitation  = {%%CITATION = ARXIV:1811.10151;%%"}
}
