%%%%%%%%%%%%%%%%%%%%%
%:     Objects      %
%%%%%%%%%%%%%%%%%%%%%

@article{PDG_2022,
  author        = "Workman, R. L. and others",
  title         = "{Review of Particle Physics}",
  collaboration = "Particle Data Group",
  journal       = "PTEP",
  volume        = "2022",
  year          = "2022",
  pages         = "083C01",
  doi           = "10.1093/ptep/ptac097"
}

@article{BR_tt,
  author        = {T. Aaltonen et al.},
  title         = {Measurement of $B(t\ensuremath{\to}Wb)/B(t\ensuremath{\to}Wq)$ in Top-Quark-Pair
                   Decays Using Dilepton Events and the Full {CDF Run II} Data Set},
  collaboration = {CDF},
  issue         = {22},
  journal       = {Phys. Rev. Lett.},
  volume        = {112},
  year          = {2014},
  pages         = {221801},
  doi           = {10.1103/PhysRevLett.112.221801},
  publisher     = {American Physical Society},
  url           = {http://link.aps.org/doi/10.1103/PhysRevLett.112.221801}
}

@article{tt_physics,
  author  = {Quadt, A.},
  title   = {Top quark physics at hadron colliders},
  issue   = {1434-6052},
  journal = {Eur. Phys. J. C},
  volume  = {48},
  year    = {2006},
  pages   = {835},
  doi     = {10.1140/epjc/s2006-02631-6}
}

@article{hadronization_timescale1,
  author        = "Humanic, T. J.",
  title         = "{Extracting the hadronization timescale in $\sqrt{s}=7$ TeV
                    proton-proton collisions from pion and kaon femtoscopy}",
  journal       = "J. Phys. G",
  volume        = "41",
  year          = "2014",
  pages         = "075105",
  doi           = "10.1088/0954-3899/41/7/075105",
  eprint        = "1312.2303",
  archivePrefix = "arXiv",
  primaryClass  = "hep-ph"
}

@article{hadronization_timescale2,
  author        = {Ferreres-Sol{\'e}, Silvia and Sj{\"o}strand, Torbj{\"o}rn},
  title         = "{The space\textendash{}time structure of hadronization in the Lund model}",
  journal       = "Eur. Phys. J. C",
  volume        = "78",
  number        = "11",
  year          = "2018",
  pages         = "983",
  doi           = "10.1140/epjc/s10052-018-6459-8",
  reportNumber  = "LU TP 18-18, MCnet-18-20",
  eprint        = "1808.04619",
  archivePrefix = "arXiv",
  primaryClass  = "hep-ph"
}

@misc{PubDetector,
  title         = {Inputs for the description of the detector and
                   physics object reconstruction in CMS physics papers},
  collaboration = {CMS},
  url           = {https://twiki.cern.ch/twiki/bin/viewauth/CMS/Internal/PubDetector}
}

@book{tau_physics_Stahl,
  author    = "Stahl, A.",
  title     = "{Physics with tau leptons}",
  journal   = "Springer Tracts Mod. Phys.",
  volume    = "160",
  year      = "2000",
  doi       = "10.1007/BFb0109630",
  publisher = "Springer"
}

@article{tau_track_CHORUS,
  author        = "Annis, P. and others",
  title         = "{Observation of neutrino induced diffractive $D_{s}^{*+}$ production
                    and subsequent decay $D_{s}^{*+} \to D_{s}^+ \to \tau^+ \to \mu^+$}",
  collaboration = "CHORUS",
  journal       = "Phys. Lett. B",
  volume        = "435",
  year          = "1998",
  pages         = "458",
  doi           = "10.1016/S0370-2693(98)00914-9",
  reportNumber  = "CERN-EP-98-087, CERN-EP-98-87"
}

@article{tau_nu_DONUT,
  author        = "Kodama, K. and others",
  title         = "{Observation of tau neutrino interactions}",
  collaboration = "DONUT",
  journal       = "Phys. Lett. B",
  volume        = "504",
  year          = "2001",
  pages         = "218",
  doi           = "10.1016/S0370-2693(01)00307-0",
  reportNumber  = "FERMILAB-PUB-00-335-E",
  eprint        = "hep-ex/0012035",
  archivePrefix = "arXiv"
}

@PhDthesis{tau_decay1,
  author = {Patricia R. Burchat},
  title  = {Decays of the Tau Lepton},
  school = {Stanford Linear Accelerator Center},
  year   = {1986},
  note   = {SLAC-292 UC-34D (E)}
}

@article{tau_decay2,
  author        = {Davier, Michel and Hocker, Andreas and Zhang, Zhiqing},
  title         = {{The Physics of hadronic tau decays}},
  journal       = {Rev. Mod. Phys.},
  volume        = {78},
  year          = {2006},
  pages         = {1043},
  doi           = {10.1103/RevModPhys.78.1043},
  reportNumber  = {LAL-05-37},
  eprint        = {hep-ph/0507078},
  archivePrefix = {arXiv},
  primaryClass  = {hep-ph},
  SLACcitation  = {%%CITATION = HEP-PH/0507078;%%}
}

@article{tau_4pions_TAUOLA,
  author        = "Bondar, A. E. and Eidelman, S. I. and Milstein, A. I. and
                   Pierzchala, T. and Root, N. I. and Was, Z. and Worek, M.",
  title         = "{Novosibirsk hadronic currents for $\tau\to4\pi$ channels of $\tau$ decay library TAUOLA}",
  journal       = "Comput. Phys. Commun.",
  volume        = "146",
  year          = "2002",
  pages         = "139",
  doi           = "10.1016/S0010-4655(02)00262-X",
  reportNumber  = "BUDKER-INP-2002-2",
  eprint        = "hep-ph/0201149",
  archivePrefix = "arXiv"
}

@article{tau_4pions_CLEO,
  author        = "Edwards, K. W. and others",
  title         = "{Resonant structure of $\tau \to 3\pi\pi^0\nu_\tau$ and $\tau\to\omega\pi\nu_\tau$ decays}",
  collaboration = "CLEO",
  journal       = "Phys. Rev. D",
  volume        = "61",
  year          = "2000",
  pages         = "072003",
  doi           = "10.1103/PhysRevD.61.072003",
  reportNumber  = "SLAC-REPRINT-1999-109, CLNS-99-1631, CLEO-99-11",
  eprint        = "hep-ex/9908024",
  archivePrefix = "arXiv"
}

@article{tau_4pions_2008,
  author        = "Czyz, Henryk and Kuhn, Johann H. and Wapienik, Agnieszka",
  title         = "{Four-pion production in tau decays and e+e- annihilation: An Update}",
  journal       = "Phys. Rev. D",
  volume        = "77",
  year          = "2008",
  pages         = "114005",
  doi           = "10.1103/PhysRevD.77.114005",
  eprint        = "0804.0359",
  archivePrefix = "arXiv",
  primaryClass  = "hep-ph"
}

@techreport{B_meson_decay,
  author       = {Browder, T E and Honscheid, K},
  title        = {{B mesons}},
  institution  = {Ohio State University},
  year         = {1995},
  reportNumber = {HEP-PP-9503414, OHSTPY-HEP-E-95-010, UH-511-816},
  url          = {https://cds.cern.ch/record/296496}
}

@PhDthesis{Yuta,
  author       = {Takahashi, Yuta and Tomoto, Makoto},
  title        = {{Measurement of the top-quark pair production cross-section in $pp$
                   collisions at $\sqrt{s}=7\,\text{TeV}$ using final states with an
                   electron or a muon and a hadronically decaying $\tau$-lepton}},
  school       = {Nagoya University},
  year         = {2012},
  reportNumber = {CERN-THESIS-2012-252},
  url          = {http://cds.cern.ch/record/1514540}
}

@techreport{PF1,
  author        = {{CMS} Collaboration},
  title         = {Commissioning of the Particle-flow Event Reconstruction with
                   the first LHC collisions recorded in the CMS detector},
  collaboration = {CMS},
  institution   = {CERN},
  type          = {{CMS Physics Analysis Summary}},
  number        = {CMS-PAS-PFT-10-001},
  year          = {2010},
  reportNumber  = {CMS-PAS-PFT-10-001},
  url           = {http://cds.cern.ch/record/1247373}
}

@article{PF2017,
  author        = {Sirunyan, Albert M and others},
  title         = {{Particle-flow reconstruction and global event description with the CMS detector}},
  collaboration = {CMS},
  institution   = {CERN},
  journal       = {JINST},
  volume        = {12},
  year          = {2017},
  pages         = {P10003},
  doi           = {10.1088/1748-0221/12/10/P10003},
  reportNumber  = {CMS-PRF-14-001, CERN-EP-2017-110},
  eprint        = {1706.04965},
  archivePrefix = {arXiv},
  primaryClass  = {physics.ins-det},
  SLACcitation  = {%%CITATION = ARXIV:1706.04965;%%}
}

@techreport{vertex_fitting,
  author       = "Fr√ºhwirth, R and Waltenberger, Wolfgang and Vanlaer, Pascal",
  title        = "{Adaptive Vertex Fitting}",
  institution  = "CERN",
  address      = "Geneva",
  year         = "2007",
  reportNumber = "CMS-NOTE-2007-008",
  url          = "https://cds.cern.ch/record/1027031"
}

@article{Kalman_filtering,
  author       = "Fruhwirth, R.",
  title        = "{Application of Kalman filtering to track and vertex fitting}",
  journal      = "Nucl. Instrum. Meth. A",
  volume       = "262",
  year         = "1987",
  pages        = "444",
  doi          = "10.1016/0168-9002(87)90887-4",
  reportNumber = "HEPHY-PUB-87-503"
}

@techreport{CMS_track_reco_2006,
  author       = "Adam, Wolfgang and Mangano, Boris and Speer, Thomas and Todorov, Teddy",
  title        = "{Track Reconstruction in the CMS tracker}",
  institution  = "CERN",
  address      = "Geneva",
  year         = "2006",
  reportNumber = "CMS-NOTE-2006-041",
  url          = "https://cds.cern.ch/record/934067"
}

@article{CMS_vertex,
  author        = {Chatrchyan, Serguei and others},
  title         = {Description and performance of track and primary-vertex reconstruction with the CMS tracker},
  collaboration = {CMS},
  journal       = {JINST},
  volume        = {9},
  year          = {2014},
  pages         = {P10009},
  doi           = {10.1088/1748-0221/9/10/P10009},
  reportNumber  = {CMS-TRK-11-001, CERN-PH-EP-2014-070},
  eprint        = {1405.6569},
  archivePrefix = {arXiv},
  primaryClass  = {physics.ins-det},
  SLACcitation  = {%%CITATION = ARXIV:1405.6569;%%}
}

@techreport{CMS_vertex_phase2,
  author        = "{CMS Collaboration}",
  title         = "Technical proposal for the {Phase-II} upgrade of the {Compact Muon Solenoid}",
  collaboration = "{CMS}",
  institution   = "{CERN}",
  type          = "{CMS Technical Proposal}",
  number        = "CERN-LHCC-2015-010, CMS-TDR-15-02",
  year          = "2015",
  url           = "http://cds.cern.ch/record/2020886"
}

@article{deterministic_annealing,
  author  = "Rose, K.",
  title   = "{Deterministic annealing for clustering, compression,
              classification, regression, and related optimization problems}",
  journal = "IEEE Proc.",
  volume  = "86",
  number  = "11",
  year    = "1998",
  pages   = "2210",
  doi     = "10.1109/5.726788"
}

@article{CMS_muon_Run1,
  author        = {Chatrchyan, Serguei and others},
  title         = {{Performance of CMS muon reconstruction in $pp$
                    collision events at $\sqrt{s}=7\,\text{TeV}$}},
  collaboration = {CMS},
  journal       = {JINST},
  volume        = {7},
  year          = {2012},
  pages         = {P10002},
  doi           = {10.1088/1748-0221/7/10/P10002},
  reportNumber  = {CMS-MUO-10-004, CERN-PH-EP-2012-173},
  eprint        = {1206.4071},
  archivePrefix = {arXiv},
  primaryClass  = {physics.ins-det},
  SLACcitation  = {%%CITATION = ARXIV:1206.4071;%%}
}

@misc{muon_workbook,
  author        = {Giovanni Abbiendi},
  title         = {Muon Analysis (Muon Analysis Work Book)},
  collaboration = {CMS},
  url           = {https://twiki.cern.ch/twiki/bin/view/CMSPublic/WorkBookMuonAnalysis},
  note          = {(Last updated May 1, 2014)}
}

@article{CMS_muon_trigger,
  author        = "Sirunyan, Albert M and others",
  title         = "{Performance of the CMS muon trigger system in
                    proton-proton collisions at $\sqrt{s} =$ 13 TeV}",
  collaboration = "CMS",
  journal       = "JINST",
  volume        = "16",
  year          = "2021",
  pages         = "P07001",
  doi           = "10.1088/1748-0221/16/07/P07001",
  reportNumber  = "CMS-MUO-19-001, CERN-EP-2021-013",
  eprint        = "2102.04790",
  archivePrefix = "arXiv",
  primaryClass  = "hep-ex"
}

@article{CMS_electron,
  author        = {Khachatryan, Vardan and others},
  title         = {{Performance of electron reconstruction and selection with the CMS
                    detector in proton-proton collisions at $\sqrt{s} = 8\,\text{TeV}$}},
  collaboration = {CMS},
  journal       = {JINST},
  volume        = {10},
  year          = {2015},
  pages         = {P06005},
  doi           = {10.1088/1748-0221/10/06/P06005},
  reportNumber  = {CMS-EGM-13-001, CERN-PH-EP-2015-004},
  eprint        = {1502.02701},
  archivePrefix = {arXiv},
  primaryClass  = {physics.ins-det},
  SLACcitation  = {%%CITATION = ARXIV:1502.02701;%%}
}

@article{CMS_electron_2021,
  author        = "Sirunyan, Albert M and others",
  title         = "Electron and photon reconstruction and identification
                   with the {CMS} experiment at the {CERN} {LHC}",
  collaboration = "CMS",
  journal       = "JINST",
  volume        = "16",
  year          = "2021",
  pages         = "P05014",
  doi           = "10.1088/1748-0221/16/05/P05014",
  reportNumber  = "CMS-EGM-17-001, CERN-EP-2020-219",
  eprint        = "2012.06888",
  archivePrefix = "arXiv",
  primaryClass  = "hep-ex"
}

@techreport{CMS_electron_calibration_2016,
  author        = "{CMS Collaboration}",
  title         = "{ECAL} 2016 refined calibration and {Run2} summary plots",
  collaboration = "{CMS}",
  institution   = "{CERN}",
  type          = "{CMS Detector Performance Summary}",
  number        = "CMS-DP-2020-021",
  year          = "2020",
  url           = "https://cds.cern.ch/record/2717925"
}

@article{GSF,
  author       = {Adam, W. and Fr{\"u}hwirth, R. and Strandlie, A. and Todorov, T.},
  title        = {{Reconstruction of electrons with the Gaussian-sum filter in the CMS tracker at the LHC}},
  abstract     = {The bremsstrahlung energy loss distribution of electrons propagating in matter is highly
                  non-Gaussian. Because the Kalman filter relies solely on Gaussian probability density functions, it
                  is not necessarily the optimal reconstruction algorithm for electron tracks. A Gaussian-sum filter
                  (GSF) algorithm for electron reconstruction in the CMS tracker has therefore been developed and
                  implemented. The basic idea is to model the bremsstrahlung energy loss distribution by a Gaussian
                  mixture rather than by a single Gaussian. It is shown that the GSF is able to improve the momentum
                  resolution of electrons compared to the standard Kalman filter. The momentum resolution and the
                  quality of the error estimate are studied both with a fast simulation, modelling the radiative
                  energy loss in a simplified detector, and the full CMS tracker simulation.},
  journal      = {Journal of Physics G: Nuclear and Particle Physics},
  volume       = {31},
  number       = {9},
  year         = {2005},
  pages        = {N9},
  doi          = {10.1088/0954-3899/31/9/n01},
  reportNumber = {CMS-NOTE-2005-001},
  url          = {https://cds.cern.ch/record/815410}
}

@inproceedings{TMVA,
  author        = {Voss, Helge and H{\"o}cker, Andreas and Stelzer, J{\"o}rg and Tegenfeldt, Fredrik},
  title         = {{TMVA}, the Toolkit for Multivariate Data Analysis with {ROOT}},
  booktitle     = {{XI Int. Workshop on Advanced Computing and Analysis Techniques in Physics Research}},
  date-added    = {2012-07-07 14:23:08 +0000},
  date-modified = {2012-07-07 14:23:08 +0000},
  bdsk-url-1    = {http://pos.sissa.it/archive/conferences/050/040/ACAT_040.pdf},
  year          = {2007},
  url           = {http://pos.sissa.it/archive/conferences/050/040/ACAT_040.pdf},
  note          = {{PoS ACAT:040}},
  eprint        = {physics/0703039},
  archivePrefix = {arXiv},
  SLACcitation  = {%%CITATION = PHYSICS/0703039;%%}
}

@book{DeepLearning,
  author    = {Ian Goodfellow and Yoshua Bengio and Aaron Courville},
  title     = {Deep Learning},
  year      = {2016},
  publisher = {MIT Press},
  note      = {\url{http://www.deeplearningbook.org}}
}

@article{focal_loss,
  author        = "Lin, Tsung-Yi and Goyal, Priya and Girshick, Ross and He, Kaiming and Doll{\'a}r, Piotr",
  title         = "{Focal Loss for Dense Object Detection}",
  month         = "8",
  year          = "2017",
  eprint        = "1708.02002",
  archivePrefix = "arXiv",
  primaryClass  = "cs.CV"
}

@article{HPS1,
  author        = {{CMS} Collaboration},
  title         = {{Performance of $\tau$-lepton reconstruction and identification in CMS}},
  collaboration = {CMS},
  journal       = {JINST},
  volume        = {7},
  number        = {01},
  year          = {2012},
  pages         = {P01001},
  doi           = {10.1088/1748-0221/7/01/P01001},
  eprint        = {1109.6034},
  archivePrefix = {arXiv},
  primaryClass  = {physics.ins-det},
  SLACcitation  = {%%CITATION = ARXIV:PHYSICS.INS-DET/1109.6034;%%}
}

@article{HPS2,
  author        = {Sirunyan, A. M. and others},
  title         = {{Performance of reconstruction and identification of $\tau$ leptons decaying
                    to hadrons and $\nu_\tau$ in pp collisions at $\sqrt{s}=$ 13 TeV}},
  collaboration = {CMS},
  journal       = {JINST},
  volume        = {13},
  year          = {2018},
  pages         = {P10005},
  doi           = {10.1088/1748-0221/13/10/P10005},
  reportNumber  = {CMS-TAU-16-003, CERN-EP-2018-229},
  eprint        = {1809.02816},
  archivePrefix = {arXiv},
  primaryClass  = {hep-ex},
  SLACcitation  = {%%CITATION = ARXIV:1809.02816;%%}
}

@techreport{HPS3,
  author        = {{CMS} Collaboration},
  title         = {{Performance of reconstruction and identification of tau leptons
                    in their decays to hadrons and tau neutrino in LHC Run-2}},
  collaboration = {CMS},
  institution   = {CERN},
  type          = {{CMS Physics Analysis Summary}},
  number        = {CMS-PAS-TAU-16-002},
  year          = {2016},
  reportNumber  = {CMS-PAS-TAU-16-002},
  url           = {http://cds.cern.ch/record/2196972}
}

@misc{DeepTau_WPs,
  title = {DeepTau ID v2: working points},
  year  = {2019},
  url   = {https://indico.cern.ch/event/818643/contributions/3422014/attachments/1839253/3014630/2019-05-06_DeepTau_ID_v2_WP.pdf},
  note  = {(Retrieved Dec 22, 2019)}
}

@techreport{DeepTau_AN,
  author        = {Androsov, K. and Manzoni, R. and Steggemann, J. and Wolf, R.},
  title         = "{DeepTau: DNN-based multi-class tau identification algorithm}",
  collaboration = {CMS},
  institution   = {CERN},
  type          = {{CMS Analysis Note}},
  number        = {CMS-AN-19-260},
  year          = {2019},
  reportNumber  = {CMS-AN-19-260},
  url           = {https://cms.cern.ch/iCMS/jsp/db_notes/noteInfo.jsp?cmsnoteid=CMS%20AN-2019/260}
}

@article{DeepTau_DPS,
  title         = {{Performance of the DeepTau algorithm for the
                    discrimination of taus against jets, electron, and muons}},
  collaboration = {CMS Collaboration},
  month         = {oct},
  year          = {2019},
  reportNumber  = {CMS-DP-2019-033},
  url           = {https://cds.cern.ch/record/2694158}
}

@article{DeepTau,
  author        = "Tumasyan, Armen and others",
  title         = "{Identification of hadronic tau lepton decays using a deep neural network}",
  collaboration = "CMS",
  journal       = "JINST",
  volume        = "17",
  number        = "07",
  year          = "2022",
  pages         = "P07023",
  doi           = "10.1088/1748-0221/17/07/p07023",
  reportNumber  = "CMS-TAU-20-001, CERN-EP-2021-257",
  eprint        = "2201.08458",
  archivePrefix = "arXiv",
  primaryClass  = "hep-ex",
  SLACcitation  = {%%CITATION = ARXIV:2201.08458;%%}
}

@PhDthesis{thesis_Cardini,
  author       = "Cardini, Andrea",
  title        = "{Measurement of the CP properties of the Higgs boson in its
                   decays to \ensuremath{\tau} leptons with the CMS experiment}",
  school       = {Universit{\"a}t Hamburg},
  year         = "2021",
  doi          = "10.3204/PUBDB-2021-03550",
  reportNumber = "DESY-THESIS-2021-015",
  url          = {https://bib-pubdb1.desy.de/record/462769}
}

@techreport{jet,
  author        = {{CMS} Collaboration},
  title         = {{Particle-flow event reconstruction in CMS and performance for jets, taus, and \MET}},
  collaboration = {CMS},
  institution   = {CERN},
  type          = {{CMS Physics Analysis Summary}},
  number        = {CMS-PAS-PFT-09-001},
  year          = {2009},
  reportNumber  = {CMS-PAS-PFT-09-001},
  url           = {http://cds.cern.ch/record/1194487}
}

@article{antikT,
  author        = {Matteo Cacciari and Gavin P. Salam and Gregory Soyez},
  title         = {The $\text{anti-k}_\text{t}$ jet clustering algorithm},
  journal       = {JHEP},
  volume        = {04},
  year          = {2008},
  pages         = {063},
  doi           = {10.1088/1126-6708/2008/04/063},
  eprint        = {0802.1189},
  archivePrefix = {arXiv},
  primaryClass  = {hep-ph},
  SLACcitation  = {%%CITATION = ARXIV:0802.1189;%%}
}

@article{fastjet1,
  author        = "{M. Cacciari and G. P. Salam}",
  title         = "{Dispelling the $N^{3}$ myth for the $\kt$ jet-finder}",
  journal       = "Phys. Lett. B",
  volume        = "641",
  year          = "2006",
  pages         = "57",
  doi           = "10.1016/j.physletb.2006.08.037",
  reportNumber  = "LPTHE-05-32",
  eprint        = "hep-ph/0512210",
  archivePrefix = "arXiv",
  primaryClass  = "hep-ph",
  SLACcitation  = "%%CITATION = HEP-PH/0512210;%%"
}

@article{fastjet2,
  author        = "Cacciari, Matteo and Salam, Gavin P. and Soyez, Gregory",
  title         = "{FastJet user manual}",
  journal       = "Eur. Phys. J. C",
  volume        = "72",
  year          = "2012",
  pages         = "1896",
  doi           = "10.1140/epjc/s10052-012-1896-2",
  reportNumber  = "CERN-PH-TH-2011-297",
  eprint        = "1111.6097",
  archivePrefix = "arXiv",
  primaryClass  = "hep-ph",
  SLACcitation  = "%%CITATION = ARXIV:1111.6097;%%"
}

@article{CMS-JME-10-011,
  author        = {Chatrchyan, Serguei and others},
  title         = {{Determination of jet energy calibration and transverse momentum resolution in CMS}},
  collaboration = {CMS},
  journal       = {JINST},
  volume        = {6},
  year          = {2011},
  pages         = {P11002},
  doi           = {10.1088/1748-0221/6/11/P11002},
  reportNumber  = {CERN-PH-EP-2011-102, CMS-JME-10-011},
  eprint        = {1107.4277},
  archivePrefix = {arXiv},
  primaryClass  = {physics.ins-det},
  SLACcitation  = {%%CITATION = ARXIV:1107.4277;%%}
}

@article{CMS-JME-13-004,
  author        = "Khachatryan, Vardan and others",
  title         = "{Jet energy scale and resolution in the CMS experiment in pp collisions at 8 TeV}",
  collaboration = "CMS",
  journal       = "JINST",
  volume        = "12",
  number        = "02",
  year          = "2017",
  pages         = "P02014",
  doi           = "10.1088/1748-0221/12/02/P02014",
  reportNumber  = "CMS-JME-13-004, CERN-PH-EP-2015-305",
  eprint        = "1607.03663",
  archivePrefix = "arXiv",
  primaryClass  = "hep-ex"
}

@article{PU_substraction,
  author        = {Cacciari, Matteo and Salam, Gavin P.},
  title         = {Pileup subtraction using jet areas},
  journal       = {Phys. Lett. B},
  volume        = {659},
  year          = {2008},
  pages         = {119},
  doi           = {10.1016/j.physletb.2007.09.077},
  reportNumber  = {LPTHE-07-01},
  eprint        = {0707.1378},
  archivePrefix = {arXiv},
  primaryClass  = {hep-ph},
  SLACcitation  = {%%CITATION = ARXIV:0707.1378;%%}
}

@article{PUPPI,
  author        = "Bertolini, Daniele and Harris, Philip and Low, Matthew and Tran, Nhan",
  title         = "{Pileup Per Particle Identification}",
  journal       = "JHEP",
  volume        = "10",
  year          = "2014",
  pages         = "059",
  doi           = "10.1007/JHEP10(2014)059",
  reportNumber  = "FERMILAB-PUB-14-238-PPD, EFI-14-18, MIT-CTP-4558",
  eprint        = "1407.6013",
  archivePrefix = "arXiv",
  primaryClass  = "hep-ph"
}

@article{DeepJet,
  author        = "Bols, Emil and Kieseler, Jan and Verzetti, Mauro and Stoye, Markus and Stakia, Anna",
  title         = "{Jet Flavour Classification Using DeepJet}",
  journal       = "JINST",
  volume        = "15",
  number        = "12",
  year          = "2020",
  pages         = "P12012",
  doi           = "10.1088/1748-0221/15/12/P12012",
  eprint        = "2008.10519",
  archivePrefix = "arXiv",
  primaryClass  = "hep-ex"
}

@techreport{btag_csv1,
  author       = {Weiser, Christian},
  title        = {{A Combined Secondary Vertex Based B-Tagging Algorithm in CMS}},
  institution  = {CERN},
  address      = {Geneva},
  number       = {CMS-NOTE-2006-014},
  year         = {2006},
  reportNumber = {CMS-NOTE-2006-014},
  url          = {http://cds.cern.ch/record/927399}
}

@article{btag_2013,
  author        = {Chatrchyan, Serguei and others},
  title         = {{Identification of b-quark jets with the CMS experiment}},
  collaboration = {CMS},
  journal       = {JINST},
  volume        = {8},
  year          = {2013},
  pages         = {P04013},
  doi           = {10.1088/1748-0221/8/04/P04013},
  reportNumber  = {CMS-BTV-12-001, CERN-PH-EP-2012-262},
  eprint        = {1211.4462},
  archivePrefix = {arXiv},
  primaryClass  = {hep-ex},
  SLACcitation  = {%%CITATION = ARXIV:1211.4462;%%}
}

@techreport{btag_csv2,
  title         = {{Identification of b quark jets at the CMS Experiment in the LHC Run 2}},
  collaboration = {CMS},
  institution   = {CERN},
  address       = {Geneva},
  number        = {CMS-PAS-BTV-15-001},
  year          = {2016},
  reportNumber  = {CMS-PAS-BTV-15-001},
  url           = {http://cds.cern.ch/record/2138504}
}

@article{btag_deepCSV,
  author        = "Guest, Daniel and Collado, Julian and Baldi, Pierre and
                   Hsu, Shih-Chieh and Urban, Gregor and Whiteson, Daniel",
  title         = "{Jet Flavor Classification in High-Energy Physics with Deep Neural Networks}",
  journal       = "Phys. Rev. D",
  volume        = "94",
  number        = "11",
  year          = "2016",
  pages         = "112002",
  doi           = "10.1103/PhysRevD.94.112002",
  eprint        = "1607.08633",
  archivePrefix = "arXiv",
  primaryClass  = "hep-ex",
  SLACcitation  = "%%CITATION = ARXIV:1607.08633;%%"
}

@article{btag_2018,
  author        = "Sirunyan, A. M. and others",
  title         = "{Identification of heavy-flavour jets with the CMS detector in pp collisions at 13 TeV}",
  collaboration = "CMS",
  journal       = "JINST",
  volume        = "13",
  number        = "05",
  year          = "2018",
  pages         = "P05011",
  doi           = "10.1088/1748-0221/13/05/P05011",
  reportNumber  = "CMS-BTV-16-002, CERN-EP-2017-326",
  eprint        = "1712.07158",
  archivePrefix = "arXiv",
  primaryClass  = "physics.ins-det",
  SLACcitation  = "%%CITATION = ARXIV:1712.07158;%%"
}

@article{btag_2016,
  title         = {{Performance of heavy flavour identification algorithms in
                    proton-proton collisions at $13\,\text{TeV}$ at the CMS experiment}},
  collaboration = {CMS},
  year          = {2017},
  reportNumber  = {CMS-DP-2017-012},
  url           = {http://cds.cern.ch/record/2263801}
}

@misc{MET_types,
  author        = {Tai Sakuma},
  title         = {MET Analysis (Met Analysis Work Book)},
  collaboration = {CMS},
  howpublished  = {\url{https://twiki.cern.ch/twiki/bin/view/CMSPublic/WorkBookMetAnalysis}
                   (Last updated Jun 24, 2015)}
}

@techreport{CMS-PAS-EGM-10-004,
  author        = "{CMS Collaboration}",
  title         = "Electron Reconstruction and Identification at $\sqrt{s} = 7$ {TeV}",
  collaboration = "CMS",
  institution   = {CERN},
  type          = "CMS Physics Analysis Summary",
  number        = "CMS-PAS-EGM-10-004",
  year          = "2010",
  url           = "http://cdsweb.cern.ch/record/1299116"
}

@techreport{CMS_NOTE_2006-106,
  author      = "Aldaya, M. and Arce, P. and Caballero, J. and de la Cruz, B. and
                 Garcia-Abia, P. and Hernandez, J. M. and Josa, M. I. and Ruiz, E.",
  title       = "Discovery potential and search strategy for the Standard Model {H}iggs boson in
                 the {$H\to ZZ^\star\to 4\mu$} decay channel using a mass-independent analysis",
  institution = {CERN},
  type        = "CMS Note",
  number      = "2006/106",
  year        = "2006",
  url         = "http://cdsweb.cern.ch/record/962058"
}

@article{Brandt:1997gi,
  author        = "Brandt, A. and others",
  title         = "Measurements of single diffraction at $\sqrt{s} =$ 630
                   {GeV}: Evidence for a non-linear $\alpha(t)$ of the pomeron",
  collaboration = "UA8",
  journal       = "Nucl. Phys. B",
  volume        = "514",
  year          = "1998",
  pages         = "3",
  doi           = "10.1016/S0550-3213(97)00813-4",
  SLACcitation  = "%%CITATION = HEP-EX 9710004;%%"
}

@article{PTDR2,
  author       = "{CMS Collaboration}",
  title        = "{CMS} technical design report, volume {II}: {Physics} performance",
  journal      = "J. Phys. G",
  volume       = "34",
  year         = "2007",
  pages        = "995",
  doi          = "10.1088/0954-3899/34/6/S01",
  SLACcitation = "%%CITATION = JPHGB,G34,995;%%"
}

@techreport{CMS-PAS-JME-10-003,
  author        = "{CMS Collaboration}",
  title         = "Jet Performance in pp Collisions at $\sqrt{s}$=7 {TeV}",
  collaboration = {CMS},
  institution   = {CERN},
  type          = "CMS Physics Analysis Summary",
  number        = "CMS-PAS-JME-10-003",
  year          = "2010",
  url           = "http://cdsweb.cern.ch/record/1279362"
}

@misc{jetID_TWiki,
  title         = {JetID},
  collaboration = {CMS},
  url           = {https://twiki.cern.ch/twiki/bin/view/CMS/JetID#Recommendations_for_13_TeV_data},
  note          = {(Retrieved January 9, 2019)}
}

@misc{jet_nanoAOD_doc,
  title         = {Documentation for mc102X\_NANO.root},
  collaboration = {CMS},
  url           = {https://cms-nanoaod-integration.web.cern.ch/integration/master-102X/mc102X_doc.html#Jet},
  note          = {(Retrieved January 9, 2019)}
}

@techreport{jetPUID,
  author        = "{CMS Collaboration}",
  title         = "Pileup Jet Identification",
  collaboration = "CMS",
  institution   = {CERN},
  type          = "{CMS Physics Analysis Summary}",
  number        = "CMS-PAS-JME-13-005",
  year          = "2013",
  reportNumber  = "CMS-PAS-JME-13-005",
  url           = "http://cdsweb.cern.ch/record/1581583",
  SLACcitation  = "%%CITATION = CMS-PAS-JME-13-005;%%"
}

@techreport{jetID_2016,
  author        = "CMS Collaboration",
  title         = "{Jet algorithms performance in 13 TeV data}",
  collaboration = "CMS",
  institution   = {CERN},
  type          = "{CMS Physics Analysis Summary}",
  number        = "CMS-PAS-JME-16-003",
  year          = "2017",
  reportNumber  = "CMS-PAS-JME-16-003",
  url           = "https://cds.cern.ch/record/2256875",
  SLACcitation  = "%%CITATION = CMS-PAS-JME-16-003;%%"
}

@techreport{CMS-PAS-JME-16-004,
  title         = "{Performance of missing energy reconstruction in
                    13 TeV pp collision data using the CMS detector}",
  collaboration = "CMS",
  institution   = {CERN},
  type          = "{CMS Physics Analysis Summary}",
  number        = "CMS-PAS-JME-16-004",
  year          = "2016",
  reportNumber  = "CMS-PAS-JME-16-004",
  url           = "http://cds.cern.ch/record/2205284",
  SLACcitation  = "%%CITATION = CMS-PAS-JME-16-003;%%"
}

@techreport{CMS-PAS-JME-17-001,
  title         = "{Performance of missing transverse momentum in pp
                    collisions at $\sqrt{s}=13$~TeV using the CMS detector}",
  collaboration = "CMS",
  institution   = {CERN},
  type          = "{CMS Physics Analysis Summary}",
  number        = "CMS-PAS-JME-17-001",
  year          = "2018",
  reportNumber  = "CMS-PAS-JME-17-001",
  url           = "http://cds.cern.ch/record/2628600",
  SLACcitation  = "%%CITATION = CMS-PAS-JME-17-001;%%"
}

@techreport{CMS-PAS-GEN-14-001,
  author        = "{CMS Collaboration}",
  title         = "Underlying Event Tunes and Double Parton Scattering",
  collaboration = {CMS},
  tpye          = "CMS Physics Analysis Summary",
  number        = "CMS-PAS-GEN-14-001",
  year          = "2014",
  url           = "http://cds.cern.ch/record/1697700"
}


%%%%%%%%%%%%%%%%%%%%%%
%:   Corrections     %
%%%%%%%%%%%%%%%%%%%%%%

@techreport{HTT_AN,
  author        = {Valeria Botta and Cecile Caillol and Francesco Costanza and Sridhara Dasu
                   and Laura Dodd and Andrew Gilbert and Ketino Kaadze and Teresa Lenz and
                   Yurii Maravinand Abdollah Mohammadi and Isobel Ojalvo and Alexei Raspiereza
                   and Tyler Ruggles and Alexander Savin and Yuta Takahashi and Yiwen Wen},
  title         = {Search for the standard model Higgs boson decaying to a pair of tau leptons in 2016 data},
  collaboration = {CMS},
  institution   = {CERN},
  type          = {{CMS Analysis Note}},
  number        = {CMS-AN-16-355},
  year          = {2016},
  reportNumber  = {CMS-AN-16-355},
  url           = {http://cms.cern.ch/iCMS/jsp/db_notes/noteInfo.jsp?cmsnoteid=CMS%20AN-2016/355}
}

@techreport{HTT_PAS,
  title         = {{Observation of the SM scalar boson decaying to a pair
                    of $\tau$ leptons with the CMS experiment at the LHC}},
  collaboration = {CMS Collaboration},
  institution   = {CERN},
  address       = {Geneva},
  year          = {2017},
  reportNumber  = {CMS-PAS-HIG-16-043},
  url           = {https://cds.cern.ch/record/2264522}
}

@article{HTT_2016_paper,
  author        = "Sirunyan, Albert M and others",
  title         = "{Observation of the Higgs boson decay to a pair of $\tau$ leptons with the CMS detector}",
  collaboration = "CMS",
  journal       = "Phys. Lett. B",
  volume        = "779",
  year          = "2018",
  pages         = "283",
  doi           = "10.1016/j.physletb.2018.02.004",
  reportNumber  = "CMS-HIG-16-043, CERN-EP-2017-181",
  eprint        = "1708.00373",
  archivePrefix = "arXiv",
  primaryClass  = "hep-ex",
  SLACcitation  = "%%CITATION = ARXIV:1708.00373;%%"
}

@misc{pileup_uncertainty,
  title = {Pileup JSON Files For Run II},
  url   = {https://twiki.cern.ch/twiki/bin/view/CMS/PileupJSONFileforData#Pileup_JSON_Files_For_Run_II},
  note  = {(Retrieved May 12, 2019)}
}

@misc{MET_filters,
  title = {MET Filter Recommendations for Run II},
  year  = {2019},
  url   = {https://twiki.cern.ch/twiki/bin/viewauth/CMS/MissingETOptionalFiltersRun2},
  note  = {(Retrieved December 20, 2019)}
}

@misc{JEC,
  title = {Recommended Jet Energy Corrections and Uncertainties For Data and MC},
  year  = {2019},
  url   = {https://twiki.cern.ch/twiki/bin/view/CMS/JECDataMC},
  note  = {(Retrieved May 29, 2019)}
}

@misc{JER,
  title = {Jet Energy Resolution},
  year  = {2019},
  url   = {https://twiki.cern.ch/twiki/bin/view/CMS/JetResolutionC},
  note  = {(Retrieved May 29, 2019)}
}

@misc{btag_methods,
  title = {1a) Event reweighting using scale factors and MC b-tagging efficiencies},
  year  = {2018},
  url   = {https://twiki.cern.ch/twiki/bin/view/CMS/BTagSFMethods#1a_Event_reweighting_using_scale},
  note  = {(Retrieved May 12, 2019)}
}

@misc{trigger_SF_HTT,
  title = {CMS-HTT/LeptonEfficiencies: Efficiencies (data and MC) for electrons and muons (triggers, Id+Iso)},
  year  = {2019},
  url   = {https://github.com/CMS-HTT/LeptonEfficiencies},
  note  = {(Retrieved Dec 22, 2020)}
}

@misc{trigger_SF_tau,
  title = {cms-tau-pog/TauTriggerSFs},
  year  = {2019},
  url   = {https://github.com/cms-tau-pog/TauTriggerSFs},
  note  = {(Retrieved Dec 22, 2020)}
}

@misc{trigger_SF_tau_slides1,
  title = {Tau trigger scale factors for DeepTau for Run 2 (update)},
  year  = {2019},
  url   = {https://indico.cern.ch/event/868279/contributions/3668554/attachments/1959280/3266317/2019-12-17_Tau_trigger_SF_for_DeepTau.pdf},
  note  = {(Retrieved Dec 22, 2020)}
}

@techreport{DeepTau_SFs_AN,
  author        = {Neutelings, I. and Brommer, S. and Burkart, M. and Takahashi, Y.},
  title         = "{The measurement of the tau ID scale factors and energy scale for the DeepTau ID
                    using $\mathrm{Z}\rightarrow\tau_\mathrm{h}\tau_\mu$ events in Run-II data}",
  collaboration = {CMS},
  institution   = {CERN},
  type          = {{CMS Analysis Note}},
  number        = {CMS-AN-19-275},
  year          = {2019},
  reportNumber  = {CMS-AN-19-275},
  url           = {https://cms.cern.ch/iCMS/jsp/db_notes/noteInfo.jsp?cmsnoteid=CMS%20AN-2019/275}
}

@misc{antilep_SF_2018,
  title = {$\mu \to$ hadronic tau fake rate scale factors measurement},
  year  = {2019},
  url   = {https://indico.cern.ch/event/814232/contributions/3397978/attachments/1831354/2999219/mu-tau_FR_2018.pdf},
  note  = {(Retrieved May 12, 2019)}
}

%%techreport{tauIDeff,
%%      title         = {Tau ID efficiency measurement in ICHEP dataset},
%%      author        = {Caillol, C.},
%%      institution   = {CERN},
%%      type          = {{Presentation in the CMS Tau ID meeting}},
%%      year          = {2016},
%%      url           = {https://indico.cern.ch/event/563239/contributions/2279020/attachments/1325496/1989607/%lepTauFR_tauIDmeeting_20160822.pdf},
%%}

@misc{tau_recommendations,
  title = {{TauID for $13\,\text{TeV}$ run: recommendation from the Tau POG}},
  year  = {2019},
  url   = {https://twiki.cern.ch/twiki/bin/viewauth/CMS/TauIDRecommendationForRun2},
  note  = {(Retrieved January 7, 2020)}
}

@misc{tauIDSFs_GitHub,
  title = {{cms-tau-pog/TauIDSFs: Tau ID scale factors}},
  year  = {2019},
  url   = {https://github.com/cms-tau-pog/TauIDSFs},
  note  = {(Retrieved January 7, 2020)}
}

@techreport{faketaus,
  author      = {Wen, Y. and Gallo, E. and Raspereza, A.},
  title       = {Status report: with Run2016BCD data - Measurement
                 of leptons $\rightarrow \tau_\text{h}$ fake rate},
  institution = {CERN},
  type        = {{Presentation in the CMS Tau ID meeting}},
  year        = {2016},
  url         = {https://indico.cern.ch/event/563239/contributions/2279020/attachments/1325496/1989607/lepTauFR_tauIDmeeting_20160822.pdf}
}

@misc{recoil_corrections_GitHub,
  title = {CMS-HTT/RecoilCorrections},
  year  = {2019},
  url   = {https://github.com/CMS-HTT/RecoilCorrections},
  note  = {(Retrieved February 15, 2019)}
}

@misc{btagSFs,
  title = {Recommendation for Using b-tag Objects in Physics Analyses},
  year  = {2019},
  url   = {https://twiki.cern.ch/twiki/bin/view/CMS/BtagRecommendation},
  note  = {(Retrieved February 15, 2019)}
}

@misc{toppt,
  title = {{The modeling of the top quark $p_\text{T}$}},
  year  = {2019},
  url   = {https://twiki.cern.ch/twiki/bin/viewauth/CMS/TopPtReweighting},
  note  = {(Retrieved September 8, 2021)}
}

@misc{toppt_data,
  title = {{TOP PAG corrections based on data aka data-NLO and data-NNLO weights}},
  year  = {2019},
  url   = {https://twiki.cern.ch/twiki/bin/viewauth/CMS/TopPtReweighting#TOP_PAG_corrections_based_on_dat},
  note  = {(Retrieved September 8, 2021)}
}

@misc{toppt_NNLO,
  title = {{TOP PAG corrections based on theory and simulation aka NNLO-NLO weights}},
  year  = {2019},
  url   = {https://twiki.cern.ch/twiki/bin/viewauth/CMS/TopPtReweighting#TOP_PAG_corrections_based_on_the},
  note  = {(Retrieved September 8, 2021)}
}

@misc{prefire,
  title = {Reweighting recipe to emulate Level 1 ECAL prefiring},
  year  = {2020},
  url   = {https://twiki.cern.ch/twiki/bin/view/CMS/L1ECALPrefiringWeightRecipe},
  note  = {(Retrieved December 15, 2020)}
}

@misc{prefire_GitHub,
  title = {nanoAOD-tools/PrefireCorr.py},
  year  = {2020},
  url   = {https://github.com/cms-nanoAOD/nanoAOD-tools/blob/master/python/postprocessing/modules/common/PrefireCorr.py},
  note  = {(Retrieved December 15, 2020)}
}
