%%%%%%%%%%%%%%%%%%%%%%%%%
%:    Samples - MC      %
%%%%%%%%%%%%%%%%%%%%%%%%%

@misc{event_generation_fig,
  title         = {Simulations},
  collaboration = {SLAC},
  url           = {https://theory.slac.stanford.edu/our-research/simulations},
  note          = {(Retrieved Jul 25, 2017)}
}

@inproceedings{event_generation,
  author        = {Seymour, Michael H. and Marx, Marilyn},
  title         = {{Monte Carlo Event Generators}},
  address       = {St.Andrews, Scotland, U.K.},
  booktitle     = {{Proceedings, 69th Scottish Universities Summer
                    School in Physics: LHC Phenomenology (SUSSP69) 2012}},
  year          = {2013},
  pages         = {287},
  doi           = {10.1007/978-3-319-05362-2_8},
  url           = {https://inspirehep.net/record/1229804/files/arXiv:1304.6677.pdf},
  eprint        = {1304.6677},
  archivePrefix = {arXiv},
  primaryClass  = {hep-ph},
  SLACcitation  = {%%CITATION = ARXIV:1304.6677;%%}
}

@article{MadGraph,
  author        = {Maltoni, F. and Stelzer, T.},
  title         = {MadEvent: Automatic event generation with MadGraph},
  journal       = {JHEP},
  volume        = {02},
  year          = {2003},
  pages         = {027},
  doi           = {10.1088/1126-6708/2003/02/027},
  eprint        = {hep-ph/0208156},
  archivePrefix = {arXiv},
  primaryClass  = {hep-ph},
  SLACcitation  = {%%CITATION = ARXIV:0208156;%%}
}

@article{UFO,
  author        = {Degrande, Celine and Duhr, Claude and Fuks, Benjamin and
                   Grellscheid, David and Mattelaer, Olivier and Reiter, Thomas},
  title         = {{UFO - The Universal FeynRules Output}},
  journal       = {Comput. Phys. Commun.},
  volume        = {183},
  year          = {2012},
  pages         = {1201},
  doi           = {10.1016/j.cpc.2012.01.022},
  reportNumber  = {CP3-11-25, IPHC-PHENO-11-04, IPPP-11-39, DCPT-11-78, MPP-2011-68},
  eprint        = {1108.2040},
  archivePrefix = {arXiv},
  primaryClass  = {hep-ph},
  SLACcitation  = {%%CITATION = ARXIV:1108.2040;%%}
}

@article{aMCatNLO,
  author        = "Alwall, J. and Frederix, R. and Frixione, S. and Hirschi, V. and Maltoni, F. and
                   Mattelaer, O. and Shao, H. -S. and Stelzer, T. and Torrielli, P. and Zaro, M.",
  title         = "{The automated computation of tree-level and next-to-leading order
                    differential cross sections, and their matching to parton shower simulations}",
  journal       = "JHEP",
  volume        = "07",
  year          = "2014",
  pages         = "079",
  doi           = "10.1007/JHEP07(2014)079",
  reportNumber  = "CERN-PH-TH-2014-064, CP3-14-18, LPN14-066, MCNET-14-09, ZU-TH-14-14",
  eprint        = "1405.0301",
  archivePrefix = "arXiv",
  primaryClass  = "hep-ph"
}

@article{TuneCUETP8M1,
  author        = {Khachatryan, Vardan and others},
  title         = {{Event generator tunes obtained from underlying
                    event and multiparton scattering measurements}},
  collaboration = {CMS},
  journal       = {Eur. Phys. J. C},
  volume        = {76},
  year          = {2016},
  pages         = {155},
  doi           = {10.1140/epjc/s10052-016-3988-x},
  reportNumber  = {CMS-GEN-14-001, CERN-PH-EP-2015-291},
  eprint        = {1512.00815},
  archivePrefix = {arXiv},
  primaryClass  = {hep-ex}
}

@techreport{TuneCUETP8M2T4,
  title         = "Investigations of the impact of the parton shower tuning in {Pythia} 8 in
                   the modelling of $\mathrm{t\overline{t}}$ at $\sqrt{s}=8$ and 13 {TeV}",
  collaboration = "{CMS}",
  institution   = {CERN},
  type          = "{CMS Physics Analysis Summary}",
  number        = "CMS-PAS-TOP-16-021",
  year          = "2016",
  url           = "https://cds.cern.ch/record/2235192"
}

@techreport{EXO-19-016_PAS,
  title         = "{The search for a third-generation leptoquark coupling to a $\tau$ lepton and a b
                    quark through single, pair and nonresonant production at $\sqrt{s}=13~\mathrm{TeV}$}",
  collaboration = "CMS",
  institution   = {CERN},
  type          = "{CMS Physics Analysis Summary}",
  number        = "CMS-PAS-EXO-19-016",
  year          = "2022"
}

@article{TuneCP,
  author        = "Sirunyan, Albert M and others",
  title         = "Extraction and validation of a new set of {CMS}
                   {PYTHIA8} tunes from underlying-event measurements",
  collaboration = "CMS",
  journal       = "Eur. Phys. J. C",
  volume        = "80",
  year          = "2020",
  pages         = "4",
  doi           = "10.1140/epjc/s10052-019-7499-4",
  reportNumber  = "CMS-GEN-17-001, CERN-EP-2019-007",
  eprint        = "1903.12179",
  archivePrefix = "arXiv",
  primaryClass  = "hep-ex"
}

@article{NNPDF21,
  author        = {Ball, Richard D. and Bertone, Valerio and Cerutti, Francesco and Del Debbio, Luigi and Forte,
                   Stefano and Guffanti, Alberto and Latorre, Jos{\'e} I. and Rojo, Juan and Ubiali, Maria},
  title         = {{Unbiased global determination of parton distributions
                    and their uncertainties at NNLO and at LO}},
  journal       = {Nucl. Phys. B},
  volume        = {855},
  year          = {2012},
  pages         = {153},
  doi           = {10.1016/j.nuclphysb.2011.09.024},
  eprint        = {1107.2652},
  archivePrefix = {arXiv},
  primaryClass  = {hep-ph}
}

@article{NNPDF30,
  author        = {Ball, Richard D. and Bertone, Valerio and Carrazza, Stefan and Deans, Christopher
                   S. and Del Debbio, Luigi and Forte, Stefano and Guffanti, Alberto and Hartland,
                   Nathan P. and Latorre, Jos{\'e} I. and Rojo, Juan and Ubiali, Maria},
  title         = {{Parton distributions for the LHC Run II}},
  journal       = {JHEP},
  volume        = {15},
  year          = {2015},
  pages         = {40},
  doi           = {10.1007/JHEP04(2015)040},
  eprint        = {1410.8849},
  archivePrefix = {arXiv},
  primaryClass  = {hep-ph},
  SLACcitation  = {%%CITATION = ARXIV:1410.8849;%%}
}

@article{NNPDF31,
  author        = "Ball, Richard D. and others",
  title         = "{Parton distributions from high-precision collider data}",
  collaboration = "NNPDF",
  journal       = "Eur. Phys. J. C",
  volume        = "77",
  number        = "10",
  year          = "2017",
  pages         = "663",
  doi           = "10.1140/epjc/s10052-017-5199-5",
  reportNumber  = "EDINBURGH-2017-08, NIKHEF-2017-006, OUTP-17-04P, TIF-UNIMI-2017-3, CAVENDISH-HEP-17-06,
                   CERN-TH-2017-077, Edinburgh 2017/08, Nikhef/2017-006, OUTP-17-04P,TIF-UNIMI-2017-3",
  eprint        = "1706.00428",
  archivePrefix = "arXiv",
  primaryClass  = "hep-ph"
}

@article{PDF_factorization1,
  author       = "Collins, John C. and Soper, Davison E.",
  title        = "{The Theorems of Perturbative QCD}",
  journal      = "Ann. Rev. Nucl. Part. Sci.",
  volume       = "37",
  year         = "1987",
  pages        = "383",
  doi          = "10.1146/annurev.ns.37.120187.002123",
  reportNumber = "OITS-350"
}

@article{PDF_factorization2,
  author        = "Collins, John C. and Soper, Davison E. and Sterman, George F.",
  title         = "{Factorization of Hard Processes in QCD}",
  journal       = "Adv. Ser. Direct. High Energy Phys.",
  volume        = "5",
  year          = "1989",
  pages         = "11",
  doi           = "10.1142/9789814503266_0001",
  reportNumber  = "ITP-SB-89-31",
  eprint        = "hep-ph/0409313",
  archivePrefix = "arXiv"
}

@misc{PDF_uncertainty_B2G,
  title = {{MC report on PDF usage}},
  year  = {2020},
  url   = {https://indico.cern.ch/event/938672/#2-mc-report-on-pdf-usage},
  note  = {(Retrieved Sep 8, 2021)}
}

@article{PDF_uncertainty,
  author        = "Butterworth, Jon and others",
  title         = "{PDF4LHC recommendations for LHC Run II}",
  journal       = "J. Phys. G",
  volume        = "43",
  year          = "2016",
  pages         = "023001",
  doi           = "10.1088/0954-3899/43/2/023001",
  reportNumber  = "OUTP-15-17P, SMU-HEP-15-12, TIF-UNIMI-2015-14, LCTS-2015-27, CERN-PH-TH-2015-249",
  eprint        = "1510.03865",
  archivePrefix = "arXiv",
  primaryClass  = "hep-ph"
}

@article{PDF_lepton,
  author        = "Buonocore, Luca and Nason, Paolo and Tramontano, Francesco and Zanderighi, Giulia",
  title         = "{Leptons in the proton}",
  journal       = "JHEP",
  volume        = "08",
  number        = "08",
  year          = "2020",
  pages         = "019",
  doi           = "10.1007/JHEP08(2020)019",
  eprint        = "2005.06477",
  archivePrefix = "arXiv",
  primaryClass  = "hep-ph"
}

@article{MLM,
  author        = {Alwall, J. and H{\"o}che, S. and Krauss, F. and Lavesson, N. and L{\"o}nnblad, L.
                   and Maltoni, F. and Mangano, M. L. and Moretti, M. and Papadopoulos, C. G. and
                   Piccinini, F. and Schumann, S. and Treccani, M. and Winter, J. and Worek, M.},
  title         = {Comparative study of various algorithms for the merging of
                   parton showers and matrix elements in hadronic collisions},
  journal       = {Eur. Phys. J. C},
  volume        = {53},
  year          = {2008},
  pages         = {473},
  doi           = {10.1140/epjc/s10052-007-0490-5},
  reportNumber  = {SLAC-PUB-12604, CERN-PH-TH-2007-066, LU-TP-07-13, KA-TP-06-2007, DCPT-07-62, IPPP-07-31},
  eprint        = {0706.2569},
  archivePrefix = {arXiv},
  primaryClass  = {hep-ph}
}

@article{FxFx,
  author        = {Frederix, Rikkert and Frixione, Stefano},
  title         = {{Merging meets matching in MC@NLO}},
  journal       = {JHEP},
  volume        = {12},
  year          = {2012},
  pages         = {061},
  doi           = {10.1007/JHEP12(2012)061},
  reportNumber  = {CERN-PH-TH-2012-247, ZU-TH-21-12},
  eprint        = {1209.6215},
  archivePrefix = {arXiv},
  primaryClass  = {hep-ph}
}

@article{POWHEG0,
  author        = {Nason, Paolo},
  title         = {{A new method for combining NLO QCD with shower Monte Carlo algorithms}},
  journal       = {JHEP},
  volume        = {11},
  year          = {2004},
  pages         = {040},
  doi           = {10.1088/1126-6708/2004/11/040},
  reportNumber  = {BICOCCA-FT-04-11},
  eprint        = {hep-ph/0409146},
  archivePrefix = {arXiv},
  primaryClass  = {hep-ph}
}

@article{POWHEG1,
  author        = {Frixione, S. and Nason, P. and Oleari, C.},
  title         = {{Matching NLO QCD computations with parton shower simulations: the POWHEG method}},
  journal       = {JHEP},
  volume        = {11},
  year          = {2007},
  pages         = {070},
  doi           = {10.1088/1126-6708/2007/11/070},
  reportNumber  = {BICOCCA-FT-07-9, GEF-TH-21-2007},
  eprint        = {0709.2092},
  archivePrefix = {arXiv},
  primaryClass  = {hep-ph}
}

@article{POWHEG2,
  author        = {Alioli, Simone and Nason, Paolo and Oleari, Carlo and Re, Emanuele},
  title         = {{A general framework for implementing {NLO} calculations
                    in shower Monte Carlo programs: the POWHEG BOX}},
  journal       = {JHEP},
  volume        = {06},
  year          = {2010},
  pages         = {043},
  doi           = {10.1007/JHEP06(2010)043},
  reportNumber  = {DESY-10-018, SFB-CPP-10-22, IPPP-10-11, DCPT-10-22},
  eprint        = {1002.2581},
  archivePrefix = {arXiv},
  primaryClass  = {hep-ph}
}

@article{GEANT4,
  author        = {S. Agostinelli and others},
  title         = {{GEANT4} --- a simulation toolkit},
  collaboration = {GEANT4},
  date-added    = {2012-07-07 14:23:08 +0000},
  date-modified = {2012-07-07 14:23:08 +0000},
  bdsk-url-1    = {http://dx.doi.org/10.1016/S0168-9002(03)01368-8},
  journal       = {Nucl. Instrum. Meth. A},
  volume        = {506},
  year          = {2003},
  pages         = {250},
  doi           = {10.1016/S0168-9002(03)01368-8},
  reportNumber  = "SLAC-PUB-9350, FERMILAB-PUB-03-339",
  SLACcitation  = "%%CITATION = NUIMA,A506,250;%%"
}

@article{Khachatryan:2015oqa,
  author        = {Khachatryan, Vardan and others},
  title         = {{Measurement of the differential cross section for top quark pair
                    production in pp collisions at $\sqrt{s} = 8\,\text{TeV}$}},
  collaboration = {CMS},
  journal       = {Eur. Phys. J. C},
  volume        = {75},
  number        = {11},
  year          = {2015},
  pages         = {542},
  doi           = {10.1140/epjc/s10052-015-3709-x},
  reportNumber  = {CMS-TOP-12-028, CERN-PH-EP-2015-117},
  eprint        = {1505.04480},
  archivePrefix = {arXiv},
  primaryClass  = {hep-ex}
}

@article{POWHEG_TT,
  author        = {Frixione, Stefano and Nason, Paolo and Ridolfi, Giovanni},
  title         = {{A positive-weight next-to-leading-order Monte Carlo for heavy flavour hadroproduction}},
  journal       = {JHEP},
  volume        = {09},
  year          = {2007},
  pages         = {126},
  doi           = {10.1088/1126-6708/2007/09/126},
  reportNumber  = {BICOCCA-FT-07-12, GEF-TH-19-2007},
  eprint        = {0707.3088},
  archivePrefix = {arXiv},
  primaryClass  = {hep-ph},
  SLACcitation  = {%%CITATION = ARXIV:0707.3088;%%}
}

@article{POWHEG_TT2,
  author        = {Campbell, John M. and Ellis, R. Keith and Nason, Paolo and Re, Emanuele},
  title         = {Top-Pair Production and Decay at {NLO} Matched with Parton Showers},
  journal       = {JHEP},
  volume        = {04},
  year          = {2015},
  pages         = {114},
  doi           = {10.1007/JHEP04(2015)114},
  reportNumber  = {FERMILAB-PUB-14-504-T, OUTP-14-17P},
  eprint        = {1412.1828},
  archivePrefix = {arXiv},
  primaryClass  = {hep-ph},
  SLACcitation  = {%%CITATION = ARXIV:1412.1828;%%}
}

@article{POWHEG_ST_tW,
  author        = {Re, Emanuele},
  title         = {{Single-top Wt-channel production matched with parton showers using the POWHEG method}},
  journal       = {Eur. Phys. J. C},
  volume        = {71},
  year          = {2011},
  pages         = {1547},
  doi           = {10.1140/epjc/s10052-011-1547-z},
  reportNumber  = {IPPP-10-74, DCPT-10-148},
  eprint        = {1009.2450},
  archivePrefix = {arXiv},
  primaryClass  = {hep-ph}
}

@article{POWHEG_ST_st,
  author        = {Alioli, Simone and Nason, Paolo and Oleari, Carlo and Re, Emanuele},
  title         = {{NLO single-top production matched with shower
                    in POWHEG: $s$- and $t$-channel contributions}},
  journal       = {JHEP},
  volume        = {09},
  year          = {2009},
  pages         = {111},
  doi           = {10.1088/1126-6708/2009/09/111},
  note          = {[Erratum: \DOI{10.1007/JHEP02(2010)011}]},
  eprint        = {0907.4076},
  archivePrefix = {arXiv},
  primaryClass  = {hep-ph}
}

@article{POWHEG_dijet,
  author        = {Alioli, Simone and Hamilton, Keith and Nason, Paolo and Oleari, Carlo and Re, Emanuele},
  title         = {{Jet pair production in POWHEG}},
  journal       = {JHEP},
  volume        = {04},
  year          = {2011},
  pages         = {081},
  doi           = {10.1007/JHEP04(2011)081},
  reportNumber  = {DESY-10-233, SFB-CPP-10-128, IPPP-10-100, DCPT-10-200, MCNET-10-23},
  eprint        = {1012.3380},
  archivePrefix = {arXiv},
  primaryClass  = {hep-ph}
}

@article{Pythia,
  author        = {Sj{\"o}strand, T. and Eden, E. and Friberg, C. and
                   Lonnblad, L. and Miu, G. and Mrenna, S. and Norrbin, E.},
  title         = {High-Energy-Physics Event Generation with PYTHIA 6.1},
  journal       = {Comput. Phys. Commun.},
  volume        = {2},
  year          = {2001},
  pages         = {238},
  doi           = {10.1016/S0010-4655(00)00236-8},
  eprint        = {0010017},
  archivePrefix = {arXiv},
  primaryClass  = {hep-ph}
}

@article{Pythia6_manual,
  author        = {Sj{\"o}strand, Torbjorn and Mrenna, Stephen and Skands, Peter Z.},
  title         = {PYTHIA 6.4 Physics and Manual},
  journal       = {JHEP},
  volume        = {05},
  year          = {2006},
  pages         = {026},
  doi           = {10.1088/1126-6708/2006/05/026},
  eprint        = {hep-ph/0603175},
  archivePrefix = {arXiv},
  primaryClass  = {hep-ph},
  SLACcitation  = {%%CITATION = HEP-PH:0603175;%%}
}

@article{Pythia8,
  author        = {Sj{\"o}strand, T. and Mrenna, S. and S., Peter, Z.},
  title         = {A Brief Introduction to PYTHIA 8.1},
  journal       = {Comput. Phys. Commun.},
  volume        = {178},
  year          = {2008},
  pages         = {852},
  doi           = {10.1016/j.cpc.2008.01.036},
  reportNumber  = {CERN-LCGAPP-2007-04, LU-TP-07-28, FERMILAB-PUB-07-512-CD-T},
  eprint        = {0710.3820},
  archivePrefix = {arXiv},
  primaryClass  = {hep-ph},
  SLACcitation  = {%%CITATION = ARXIV:0710.3820;%%}
}

@article{Pythia8_2015,
  author        = "Sj{\"o}strand, Torbjorn and Ask, Stefan and Christiansen, Jesper R. and
                   Corke, Richard and Desai, Nishita and Ilten, Philip and Mrenna, Stephen
                   and Prestel, Stefan and Rasmussen, Christine O. and Skands, Peter Z.",
  title         = "An introduction to {PYTHIA 8.2}",
  journal       = "Comput. Phys. Commun.",
  volume        = "191",
  year          = "2015",
  pages         = "159",
  doi           = "10.1016/j.cpc.2015.01.024",
  reportNumber  = "LU-TP-14-36, MCNET-14-22, CERN-PH-TH-2014-190,
                   FERMILAB-PUB-14-316-CD, DESY-14-178, SLAC-PUB-16122",
  eprint        = "1410.3012",
  archivePrefix = "arXiv",
  primaryClass  = "hep-ph"
}

@article{DY_NLO1,
  author        = {Marzani, Simone and Ball, Richard D.},
  title         = {{High Energy Resummation of Drell-Yan Processes}},
  journal       = {Nucl. Phys. B},
  volume        = {814},
  year          = {2009},
  pages         = {246},
  doi           = {10.1016/j.nuclphysb.2009.01.029},
  eprint        = {0812.3602},
  archivePrefix = {arXiv},
  primaryClass  = {hep-ph},
  SLACcitation  = {%%CITATION = ARXIV:0812.3602;%%}
}

@PhDthesis{DY_NLO2,
  author = {Shcherbakova, E. S.},
  title  = {Quantum corrections to Drell-Yan production of Z bosons},
  school = {Universit{\"a}t Hamburg},
  year   = {2011},
  url    = {https://inspirehep.net/record/927113/files/desy-thesis-11-024.pdf}
}

@article{sigma_DY,
  author        = {Li, Ye and Petriello, Frank},
  title         = {{Combining QCD and electroweak corrections to production in FEWZ}},
  journal       = {Phys. Rev. D},
  volume        = {86},
  year          = {2012},
  pages         = {094034},
  doi           = {10.1103/PhysRevD.86.094034},
  reportNumber  = {ANL-HEP-PR-12-68},
  eprint        = {1208.5967},
  archivePrefix = {arXiv},
  primaryClass  = {hep-ph},
  SLACcitation  = {%%CITATION = ARXIV:1208.5967;%%}
}

@article{sigma_TT,
  author        = {Czakon, Michal and Mitov, Alexander},
  title         = {Top++: A Program for the Calculation of the Top-Pair Cross-Section at Hadron Colliders},
  journal       = {Comput. Phys. Commun.},
  volume        = {185},
  year          = {2014},
  pages         = {2930},
  doi           = {10.1016/j.cpc.2014.06.021},
  reportNumber  = {CERN-PH-TH-2011-303, TTK-11-58},
  eprint        = {1112.5675},
  archivePrefix = {arXiv},
  primaryClass  = {hep-ph}
}

@misc{sigma_TT_TWiki,
  title = {{NNLO+NNLL top-quark-pair cross sections -- ATLAS-CMS recommended predictions for
            top-quark-pair cross sections using the Top++v2.0 program (M. Czakon, A. Mitov, 2013)}},
  year  = {2022},
  url   = {https://twiki.cern.ch/twiki/bin/view/LHCPhysics/TtbarNNLO},
  note  = {(Retrieved Dec 21, 2020)}
}

@article{ttbar_LHC,
  author        = {Schilling, Frank-Peter},
  title         = {Top Quark Physics at the LHC: A Review of the First Two Years},
  journal       = {Int. J. Mod. Phys. A},
  volume        = {27},
  year          = {2012},
  doi           = {10.1142/S0217751X12300165},
  eprint        = {1206.4484},
  archivePrefix = {arXiv},
  primaryClass  = {hep-ex},
  SLACcitation  = {%%CITATION = HEP-EX:1206.4484;%%}
}

@article{ttbar,
  author        = {Incandela, Joseph R. and Quadt, Arnulf and Wagner, Wolfgang and Wicke, Daniel},
  title         = {{Status and Prospects of Top-Quark Physics}},
  journal       = {Prog. Part. Nucl. Phys.},
  volume        = {63},
  year          = {2009},
  pages         = {239},
  doi           = {10.1016/j.ppnp.2009.08.001},
  eprint        = {0904.2499},
  archivePrefix = {arXiv},
  primaryClass  = {hep-ph},
  SLACcitation  = {%%CITATION = ARXIV:0904.2499;%%}
}

@article{sigma_ST,
  author        = {Kant, P. and Kind, O. M. and Kintscher, T. and Lohse, T. and
                   Martini, T. and M{\"o}lbitz, S. and Rieck, P. and Uwer, P.},
  title         = {{HatHor for single top-quark production: Updated predictions and uncertainty
                    estimates for single top-quark production in hadronic collisions}},
  journal       = {Comput. Phys. Commun.},
  volume        = {191},
  year          = {2015},
  pages         = {74},
  doi           = {10.1016/j.cpc.2015.02.001},
  reportNumber  = {HU-EP-14-22},
  eprint        = {1406.4403},
  archivePrefix = {arXiv},
  primaryClass  = {hep-ph},
  SLACcitation  = {%%CITATION = ARXIV:1406.4403;%%}
}

@misc{singletop,
  title         = {NLO single-top channel cross sections - ATLAS-CMS recommended predictions
                   for single-top cross sections using the Hathor v2.1 program},
  collaboration = {CMS},
  url           = https://twiki.cern.ch/twiki/bin/view/LHCPhysics/SingleTopRefXsec
}

@article{singletop_4FS_2014,
  author        = "CMS Collaboration",
  title         = "{Single top t-channel differential cross section at 8 TeV}",
  collaboration = "CMS",
  year          = "2014",
  reportNumber  = "CMS-PAS-TOP-14-004",
  SLACcitation  = "%%CITATION = CMS-PAS-TOP-14-004;%%"
}

@article{CMS-TOP-16-008,
  author        = "Khachatryan, Vardan and others",
  title         = "{Measurement of differential cross sections for top quark pair production
                    using the lepton+jets final state in proton-proton collisions at 13 TeV}",
  collaboration = "CMS",
  journal       = "Phys. Rev. D",
  volume        = "95",
  number        = "9",
  year          = "2017",
  pages         = "092001",
  doi           = "10.1103/PhysRevD.95.092001",
  reportNumber  = "CMS-TOP-16-008, CERN-EP-2016-227",
  eprint        = "1610.04191",
  archivePrefix = "arXiv",
  primaryClass  = "hep-ex"
}

@techreport{CMS-PAS-TOP-16-011,
  title         = "{Measurement of the differential cross section for $\mathrm{t \bar t}$
                    production in the dilepton final state at $\sqrt{s}=13~\mathrm{TeV}$}",
  collaboration = "CMS",
  institution   = "{CERN}",
  type          = "{CMS Physics Analysis Summary}",
  number        = "CMS-PAS-TOP-16-011",
  year          = "2016",
  reportNumber  = "CMS-PAS-TOP-16-011",
  url           = "http://cds.cern.ch/record/2140061"
}

@article{CMS-TOP-17-011,
  author        = "Sirunyan, Albert M and others",
  title         = "{Measurement of the single top quark and antiquark production cross sections in the
                    $t$ channel and their ratio in proton-proton collisions at $\sqrt{s}=$ 13 TeV}",
  collaboration = "CMS",
  journal       = "Phys. Lett. B",
  volume        = "800",
  year          = "2020",
  pages         = "135042",
  doi           = "10.1016/j.physletb.2019.135042",
  reportNumber  = "CMS-TOP-17-011, CERN-EP-2018-321",
  eprint        = "1812.10514",
  archivePrefix = "arXiv",
  primaryClass  = "hep-ex"
}

@article{sigma_boson_7TeV,
  author        = "Khachatryan, Vardan and others",
  title         = "{Measurements of Inclusive $W$ and $Z$ Cross
                    Sections in $pp$ Collisions at $\sqrt{s}=7$ TeV}",
  collaboration = "CMS",
  journal       = "JHEP",
  volume        = "01",
  year          = "2011",
  pages         = "080",
  doi           = "10.1007/JHEP01(2011)080",
  reportNumber  = "CERN-PH-EP-2010-050, CMS-EWK-10-002",
  eprint        = "1012.2466",
  archivePrefix = "arXiv",
  primaryClass  = "hep-ex"
}

@article{sigma_NLO_diboson,
  author        = {Campbell, J. M. and Ellis, R. K. and Williams, C.},
  title         = {Vector boson pair production at the LHC},
  journal       = {JHEP},
  volume        = {2011},
  number        = {7},
  year          = {2011},
  pages         = {18},
  doi           = {10.1007/JHEP07(2011)018},
  eprint        = {1105.0020},
  archivePrefix = {arXiv},
  primaryClass  = {hep-ph},
  SLACcitation  = {%%CITATION = ARXIV:1105.0020;%%}
}

@article{FEWZ,
  author        = "Melnikov, Kirill and Petriello, Frank",
  title         = "{Electroweak gauge boson production at hadron colliders through O(alpha(s)**2)}",
  journal       = "Phys.Rev. D",
  volume        = "74",
  year          = "2006",
  pages         = "114017",
  doi           = "10.1103/PhysRevD.74.114017",
  reportNumber  = "UH-511-1092-06",
  eprint        = "hep-ph/0609070",
  archivePrefix = "arXiv",
  primaryClass  = "hep-ph",
  SLACcitation  = "%%CITATION = HEP-PH/0609070;%%"
}
