%%%%%%%%%%%%%%%%%%%%%%%%%
%:  Introduction - SM   %
%%%%%%%%%%%%%%%%%%%%%%%%%

@misc{SM_fig,
  author = {{Wikimedia Commons}},
  title  = {File:Standard Model of Elementary Particles.svg --- Wikimedia Commons{,} the free media repository},
  year   = {2023},
  url    = {https://commons.wikimedia.org/wiki/File:Standard_Model_of_Elementary_Particles.svg},
  note   = {(Retrieved Jan 13, 2023)}
}

@misc{particle_physics_timeline,
  author = {{Mountain Empire High School, Pine Valley, California}},
  title  = "{Particle Physics Timeline}",
  year   = {1996},
  url    = {https://particleadventure.org/other/history/index.html},
  note   = {(Retrieved Jul 20, 2017)}
}

@misc{particle_physics_timeline_fig,
  author = "{Neutelings, Izaak}",
  title  = {{History timeline and energy scales -- TikZ.net}},
  year   = {2022},
  url    = {https://tikz.net/timeline/},
  note   = {(Retrieved March 26, 2022)}
}

@proceedings{particle_physics_history_50s,
  title     = "{Proceedings, 2nd International Symposium on on the History of Particle
                Physics in the 1950s: Pions to Quarks}: {Batavia, USA, May 1-4, 1985}",
  editor    = "Brown, Laurie M. and Dresden, Max and Hoddeson, Lillian H. and West, M.",
  address   = "Cambridge, UK",
  year      = "1989",
  publisher = "Univ. Pr."
}

@proceedings{particle_physics_history_60s,
  title        = "{The Rise of the standard model: Particle physics in the 1960s and
                   1970s. Proceedings, Conference, Stanford, USA, June 24-27, 1992}",
  editor       = "Hoddeson, Lillian H. and Brown, L. and Riordan, M. and Dresden, M.",
  year         = "1997",
  reportNumber = "SLAC-REPRINT-1997-127"
}

@book{particle_physics_Griffiths,
  author    = "Griffiths, David",
  title     = "{Introduction to Elementary Particles}",
  isbn      = "978-3-527-40601-2",
  edition   = {2},
  year      = "2008",
  publisher = "Wiley-VCH"
}

@book{QFT_Peskin,
  author    = "Peskin, Michael E. and Schroeder, Daniel V.",
  title     = "{An Introduction to quantum field theory}",
  address   = "Reading, USA",
  isbn      = "978-0-201-50397-5",
  year      = "1995",
  publisher = "Addison-Wesley"
}

@book{symmetry_Schwichtenberg,
  author    = "Schwichtenberg, Jakob",
  title     = "{Physics from Symmetry}",
  address   = "Cham",
  isbn      = "978-3-319-66630-3, 978-3-319-66631-0",
  year      = "2018",
  doi       = "10.1007/978-3-319-66631-0",
  series    = "Undergraduate Lecture Notes in Physics",
  publisher = "Springer International Publishing"
}

@article{symmetry_Jain,
  author        = "Jain, Akash",
  title         = "{Notes on symmetries in particle physics}",
  month         = "9",
  year          = "2021",
  eprint        = "2109.12087",
  archivePrefix = "arXiv",
  primaryClass  = "hep-th"
}

@article{strong_force_Pais,
  author  = "Pais, A.",
  title   = "{Some Remarks on the V-Particles}",
  journal = "Phys. Rev.",
  volume  = "86",
  year    = "1952",
  pages   = "663",
  doi     = "10.1103/PhysRev.86.663"
}

@article{quark_model_Gell-Mann,
  author  = "Gell-Mann, Murray",
  title   = "{A Schematic Model of Baryons and Mesons}",
  journal = "Phys. Lett.",
  volume  = "8",
  year    = "1964",
  pages   = "214",
  doi     = "10.1016/S0031-9163(64)92001-3"
}

@article{quark_model_Zweig,
  author       = "Zweig, G.",
  title        = "{An SU(3) model for strong interaction symmetry and its breaking. Version 1}",
  month        = "1",
  year         = "1964",
  reportNumber = "CERN-TH-401"
}

@article{proton_decay_2020,
  author        = "Takenaka, A. and others",
  title         = "{Search for proton decay via $p\to e^+\pi^0$ and $p\to \mu^+\pi^0$
                    with an enlarged fiducial volume in Super-Kamiokande I-IV}",
  collaboration = "Super-Kamiokande",
  journal       = "Phys. Rev. D",
  volume        = "102",
  number        = "11",
  year          = "2020",
  pages         = "112011",
  doi           = "10.1103/PhysRevD.102.112011",
  eprint        = "2010.16098",
  archivePrefix = "arXiv",
  primaryClass  = "hep-ex"
}

@article{fermions_substructure,
  author       = "Eichten, E. and Lane, Kenneth D. and Peskin, Michael E.",
  title        = "{New Tests for Quark and Lepton Substructure}",
  editor       = "Tran Thanh Van, J.",
  journal      = "Phys. Rev. Lett.",
  volume       = "50",
  year         = "1983",
  pages        = "811",
  doi          = "10.1103/PhysRevLett.50.811",
  reportNumber = "SLAC-PUB-3128, FERMILAB-PUB-83-015-THY, FERMILAB-PUB-83-015-T"
}

@article{W_discovery_UA1,
  author        = "Arnison, G. and others",
  title         = "{Experimental Observation of Isolated Large Transverse Energy
                    Electrons with Associated Missing Energy at $\sqrt{s}= 540$ GeV}",
  collaboration = "UA1",
  journal       = "Phys. Lett. B",
  volume        = "122",
  year          = "1983",
  pages         = "103",
  doi           = "10.1016/0370-2693(83)91177-2",
  reportNumber  = "CERN-EP-83-13"
}

@article{Z_discovery_UA1,
  author        = "Arnison, G. and others",
  title         = "{Experimental Observation of Lepton Pairs of Invariant
                    Mass Around 95~GeV/c$^2$ at the CERN SPS Collider}",
  collaboration = "UA1",
  journal       = "Phys. Lett. B",
  volume        = "126",
  year          = "1983",
  pages         = "398",
  doi           = "10.1016/0370-2693(83)90188-0",
  reportNumber  = "CERN-EP-83-73"
}

@article{EW_precision_LEP,
  author        = "{\textbf{ALEPH}, \textbf{CDF}, \textbf{D0}, \textbf{DELPHI}, \textbf{L3},
                    \textbf{OPAL}, and \textbf{SLD} Collaborations, and {LEP Electroweak Working Group},
                    {Tevatron Electroweak Working Group}, and {SLD Electroweak and Heavy Flavour Groups}}",
  title         = "{Precision Electroweak Measurements and Constraints on the Standard Model}",
  month         = "12",
  year          = "2010",
  reportNumber  = "CERN-PH-EP-2010-095, FERMILAB-TM-2480-PPD, LEPEWWG-2010-01, TEVEWWG-2010-01,
                   ALEPH-2010-001-PHYSICS-2010-001, CDF-NOTE-10338, D0-NOTE-6130,
                   DELPHI-DELPHI-2010-001-PHYS-952, L3-NOTE-2837, OPAL-PR432, SLAC-PUB-14301",
  eprint        = "1012.2367",
  archivePrefix = "arXiv",
  primaryClass  = "hep-ex"
}

@article{top_mass_prediction_1994,
  author       = "Ellis, John R. and Fogli, Gian Luigi and Lisi, E.",
  title        = "{The Top quark and Higgs boson masses in the standard model and the MSSM}",
  journal      = "Phys. Lett. B",
  volume       = "333",
  year         = "1994",
  pages        = "118",
  doi          = "10.1016/0370-2693(94)91016-2",
  reportNumber = "CERN-TH-7261-94, BARI-TH-177-94"
}

@article{top_mass_discovery_CDF,
  author        = "Abe, F. and others",
  title         = "{Observation of top quark production in $\bar{p}p$ collisions}",
  collaboration = "CDF",
  journal       = "Phys. Rev. Lett.",
  volume        = "74",
  year          = "1995",
  pages         = "2626",
  doi           = "10.1103/PhysRevLett.74.2626",
  reportNumber  = "FERMILAB-PUB-95-022-E, CDF-PUB-TOP-PUBLIC-3040, ANL-HEP-PR-95-44",
  eprint        = "hep-ex/9503002",
  archivePrefix = "arXiv"
}

@article{top_mass_discovery_D0,
  author        = "Abachi, S. and others",
  title         = "{Observation of the top quark}",
  collaboration = "D0",
  journal       = "Phys. Rev. Lett.",
  volume        = "74",
  year          = "1995",
  pages         = "2632",
  doi           = "10.1103/PhysRevLett.74.2632",
  reportNumber  = "FERMILAB-PUB-95-028-E, D0-2698, D0-PUB-95-7",
  eprint        = "hep-ex/9503003",
  archivePrefix = "arXiv"
}

@article{Cabibbo_angle,
  author  = "Cabibbo, Nicola",
  title   = "{Unitary Symmetry and Leptonic Decays}",
  journal = "Phys. Rev. Lett.",
  volume  = "10",
  year    = "1963",
  pages   = "531",
  doi     = "10.1103/PhysRevLett.10.531"
}

@article{CKM,
  author       = "Kobayashi, Makoto and Maskawa, Toshihide",
  title        = "{CP Violation in the Renormalizable Theory of Weak Interaction}",
  journal      = "Prog. Theor. Phys.",
  volume       = "49",
  year         = "1973",
  pages        = "652",
  doi          = "10.1143/PTP.49.652",
  reportNumber = "KUNS-242"
}

@article{GIM,
  author  = "Glashow, S. L. and Iliopoulos, J. and Maiani, L.",
  title   = "{Weak Interactions with Lepton-Hadron Symmetry}",
  journal = "Phys. Rev. D",
  volume  = "2",
  year    = "1970",
  pages   = "1285",
  doi     = "10.1103/PhysRevD.2.1285"
}

@article{P_violation_Wu,
  author  = "Wu, C. S. and Ambler, E. and Hayward, R. W. and Hoppes, D. D. and Hudson, R. P.",
  title   = "{Experimental Test of Parity Conservation in $\beta$ Decay}",
  journal = "Phys. Rev.",
  volume  = "105",
  year    = "1957",
  pages   = "1413",
  doi     = "10.1103/PhysRev.105.1413"
}

@article{P_violation_pion1,
  author  = "Backenstoss, G. and Hyams, B. D. and Knop, G. and Marin, P. C. and Stierlin, U.",
  title   = "{Helicity of mu- Mesons from pi-Meson Decay}",
  journal = "Phys. Rev. Lett.",
  volume  = "6",
  year    = "1961",
  pages   = "415",
  doi     = "10.1103/PhysRevLett.6.415"
}

@article{P_violation_pion2,
  author       = "Bardon, Marcel and Franzini, Paolo and Lee, Juliet",
  title        = "{Helicity of $\mu^-$ Mesons: Mott Scattering of Polarized Muons}",
  journal      = "Phys. Rev. Lett.",
  volume       = "7",
  year         = "1961",
  pages        = "23",
  doi          = "10.1103/PhysRevLett.7.23",
  reportNumber = "NEVIS-98"
}

@article{P_muon_TWIST,
  author        = "Musser, J. R. and others",
  title         = "{Measurement of the Michel parameter rho in muon decay}",
  collaboration = "TWIST",
  journal       = "Phys. Rev. Lett.",
  volume        = "94",
  year          = "2005",
  pages         = "101805",
  doi           = "10.1103/PhysRevLett.94.101805",
  reportNumber  = "TRIUMF-PP-04-21",
  eprint        = "hep-ex/0409063",
  archivePrefix = "arXiv"
}

@article{CP_kaon,
  author  = "Gell-Mann, Murray and Pais, A.",
  title   = "{Behavior of neutral particles under charge conjugation}",
  journal = "Phys. Rev.",
  volume  = "97",
  year    = "1955",
  pages   = "1387",
  doi     = "10.1103/PhysRev.97.1387"
}

@article{CP_violation_kaon,
  author  = "Christenson, J. H. and Cronin, J. W. and Fitch, V. L. and Turlay, R.",
  title   = "{Evidence for the $2\pi$ Decay of the $K_2^0$ Meson}",
  journal = "Phys. Rev. Lett.",
  volume  = "13",
  year    = "1964",
  pages   = "138",
  doi     = "10.1103/PhysRevLett.13.138"
}

@article{CPT_Super-Kamiokande,
  author        = "Abe, K. and others",
  title         = "{Search for Differences in Oscillation Parameters for
                    Atmospheric Neutrinos and Antineutrinos at Super-Kamiokande}",
  collaboration = "Super-Kamiokande",
  journal       = "Phys. Rev. Lett.",
  volume        = "107",
  year          = "2011",
  pages         = "241801",
  doi           = "10.1103/PhysRevLett.107.241801",
  eprint        = "1109.1621",
  archivePrefix = "arXiv",
  primaryClass  = "hep-ex"
}

@article{CPT_atoms_review,
  author        = "Safronova, M. S. and Budker, D. and DeMille, D. and Kimball,
                   Derek F. Jackson and Derevianko, A. and Clark, C. W.",
  title         = "{Search for New Physics with Atoms and Molecules}",
  journal       = "Rev. Mod. Phys.",
  volume        = "90",
  number        = "2",
  year          = "2018",
  pages         = "025008",
  doi           = "10.1103/RevModPhys.90.025008",
  eprint        = "1710.01833",
  archivePrefix = "arXiv",
  primaryClass  = "physics.atom-ph"
}

@article{CPT_Hbar_BASE,
  author        = "Smorra, C. and others",
  title         = "{A parts-per-billion measurement of the antiproton magnetic moment}",
  collaboration = "BASE",
  journal       = "Nature",
  volume        = "550",
  number        = "7676",
  year          = "2017",
  pages         = "371",
  doi           = "10.1038/nature24048"
}

@article{CPT_K_review,
  author  = "Di Domenico, Antonio",
  title   = "{Testing CPT Symmetry with Neutral K Mesons: A Review}",
  journal = "Symmetry",
  volume  = "12",
  number  = "12",
  year    = "2020",
  pages   = "2063",
  doi     = "10.3390/sym12122063"
}

@article{CPT_review_2020,
  author  = "Sozzi, M. S.",
  title   = "{Tests of discrete symmetries}",
  journal = "J. Phys. G",
  volume  = "47",
  number  = "1",
  year    = "2020",
  pages   = "013001",
  doi     = "10.1088/1361-6471/ab4822"
}

@article{Omega-_discovery,
  author  = "Barnes, V. E. and others",
  title   = "{Observation of a Hyperon with Strangeness Minus Three}",
  journal = "Phys. Rev. Lett.",
  volume  = "12",
  year    = "1964",
  pages   = "204",
  doi     = "10.1103/PhysRevLett.12.204"
}

@article{Jpsi_discovery_SLAC,
  author        = "Augustin, J. E. and others",
  title         = "{Discovery of a Narrow Resonance in $e^+ e^-$ Annihilation}",
  collaboration = "SLAC-SP-017",
  journal       = "Phys. Rev. Lett.",
  volume        = "33",
  year          = "1974",
  pages         = "1406",
  doi           = "10.1103/PhysRevLett.33.1406",
  reportNumber  = "SLAC-PUB-1504, LBL-3391"
}

@article{Jpsi_discovery_E598,
  author        = "Aubert, J. J. and others",
  title         = "{Experimental Observation of a Heavy Particle $J$}",
  collaboration = "E598",
  journal       = "Phys. Rev. Lett.",
  volume        = "33",
  year          = "1974",
  pages         = "1404",
  doi           = "10.1103/PhysRevLett.33.1404",
  reportNumber  = "COO-3069-271"
}

@article{Upsilon_discovery,
  author        = "Herb, S. W. and others",
  title         = "{Observation of a Dimuon Resonance at 9.5-GeV in 400-GeV Proton-Nucleus Collisions}",
  collaboration = "E288",
  journal       = "Phys. Rev. Lett.",
  volume        = "39",
  year          = "1977",
  pages         = "252",
  doi           = "10.1103/PhysRevLett.39.252",
  reportNumber  = "FERMILAB-PUB-77-58-EXP, FERMILAB-PUB-77-058-E, PRINT-77-0640 (COLUMBIA)"
}

@article{nu_generations_ALEPH,
  author        = "Decamp, D. and others",
  title         = "{Determination of the Number of Light Neutrino Species}",
  collaboration = "ALEPH",
  journal       = "Phys. Lett. B",
  volume        = "231",
  year          = "1989",
  pages         = "519",
  doi           = "10.1016/0370-2693(89)90704-1",
  reportNumber  = "CERN EP 89-132"
}

@article{nu_oscillations,
  author        = "Fukuda, Y. and others",
  title         = "{Evidence for oscillation of atmospheric neutrinos}",
  collaboration = "Super-Kamiokande",
  journal       = "Phys. Rev. Lett.",
  volume        = "81",
  year          = "1998",
  pages         = "1562",
  doi           = "10.1103/PhysRevLett.81.1562",
  reportNumber  = "BU-98-17, ICRR-REPORT-422-98-18, UCI-98-8, KEK-PREPRINT-98-95,
                   LSU-HEPA-5-98, UMD-98-003, SBHEP-98-5, TKU-PAP-98-06, TIT-HPE-98-09",
  eprint        = "hep-ex/9807003",
  archivePrefix = "arXiv"
}

@incollection{nu_mixing,
  author        = "Giunti, C. and Laveder, M.",
  title         = "Neutrino mixing",
  editor        = "Columbus, F. and Krasnoholovets, V.",
  booktitle     = "Developments in Quantum Physics",
  isbn          = "1-59454-003-9",
  year          = "2004",
  publisher     = "Nova Science Publishers, Inc.",
  eprint        = "hep-ph/0310238",
  archivePrefix = "arXiv",
  primaryClass  = "hep-ph"
}


%%%%%%%%%%%%%%%%%%%%%%%%%%%
%:  Introduction - BSM?   %
%%%%%%%%%%%%%%%%%%%%%%%%%%%

@article{desert,
  author  = {Savas Dimopoulos},
  title   = {LHC, SSC and the universe},
  journal = {Phys. Lett. B},
  volume  = {246},
  number  = {3},
  year    = {1990},
  pages   = {347},
  doi     = {10.1016/0370-2693(90)90612-A},
  url     = {http://www.sciencedirect.com/science/article/pii/037026939090612A}
}

@article{darkenergy_SM_prediction,
  author       = {Weinberg, Steven},
  title        = {The Cosmological Constant Problem},
  journal      = {Rev. Mod. Phys.},
  volume       = {61},
  year         = {1989},
  pages        = {1},
  doi          = {10.1103/RevModPhys.61.1},
  SLACcitation = {%%CITATION = RMPHA,61,1;%%}
}

@misc{hierarchy_force_strengths,
  author    = {Scott Hughes},
  title     = {Lecture 1: Introduction; Couloumb's law; Superposition; Electric energy},
  year      = {2005},
  publisher = {Massachusetts Institute of Technology},
  url       = {http://web.mit.edu/sahughes/www/8.022/lec01.pdf}
}

@article{hierarchy_problem,
  author        = "Cheng, Hsin-Chia and Low, Ian",
  title         = "{TeV symmetry and the little hierarchy problem}",
  journal       = "JHEP",
  volume        = "09",
  year          = "2003",
  pages         = "051",
  doi           = "10.1088/1126-6708/2003/09/051",
  reportNumber  = "HUTP-03-A051",
  eprint        = "hep-ph/0308199",
  archivePrefix = "arXiv",
  primaryClass  = "hep-ph",
  SLACcitation  = "%%CITATION = HEP-PH/0308199;%%"
}

@article{hierarchy_problem_SUSY,
  author        = {Martin, Stephen P.},
  title         = {A Supersymmetry Primer},
  journal       = {Mon. Not. Roy. Astron. Soc.},
  year          = {1997},
  doi           = {10.1142/9789812839657_0001, 10.1142/9789814307505_0001},
  note          = {[Adv. Ser. Direct. High Energy Phys. 18, 1 (1998)]},
  eprint        = {hep-ph/9709356},
  archivePrefix = {arXiv},
  primaryClass  = {hep-ph},
  SLACcitation  = {%%CITATION = HEP-PH/9709356;%%}
}

@article{extra_dimension,
  author        = "Appelquist, Thomas and Cheng, Hsin-Chia and Dobrescu, Bogdan A.",
  title         = "{Bounds on universal extra dimensions}",
  journal       = "Phys. Rev. D",
  volume        = "64",
  year          = "2001",
  pages         = "035002",
  doi           = "10.1103/PhysRevD.64.035002",
  reportNumber  = "YCTP-P12-00, EFI-2000-48, EFI--2000-48",
  eprint        = "hep-ph/0012100",
  archivePrefix = "arXiv",
  primaryClass  = "hep-ph",
  SLACcitation  = "%%CITATION = HEP-PH/0012100;%%"
}


%%%%%%%%%%%%%%%%%%%%%%%%%%
%:  Introduction - g-2   %
%%%%%%%%%%%%%%%%%%%%%%%%%%

@article{g-2_e_theory1,
  author        = {Aoyama, Tatsumi and Hayakawa, Masashi and Kinoshita, Toichiro and Nio, Makiko},
  title         = {Tenth-Order QED Contribution to the Electron g-2 and
                   an Improved Value of the Fine Structure Constant},
  journal       = {Phys. Rev. Lett.},
  volume        = {109},
  year          = {2012},
  pages         = {111807},
  doi           = {10.1103/PhysRevLett.109.111807},
  eprint        = {1205.5368},
  archivePrefix = {arXiv},
  primaryClass  = {hep-ph},
  SLACcitation  = {%%CITATION = ARXIV:1205.5368;%%}
}

@article{g-2_e_theory2,
  author        = {Aoyama, Tatsumi and Hayakawa, M. and Kinoshita, Toichiro and Nio, Makiko},
  title         = {Tenth-Order Electron Anomalous Magnetic Moment ---
                   Contribution of Diagrams without Closed Lepton Loops},
  journal       = {Phys. Rev. D},
  volume        = {91},
  number        = {3},
  year          = {2015},
  pages         = {033006},
  doi           = {10.1103/PhysRevD.91.033006, 10.1103/PhysRevD.96.019901},
  note          = {[Erratum: Phys. Rev. D96, no.1, 019901 (2017)]},
  eprint        = {1412.8284},
  archivePrefix = {arXiv},
  primaryClass  = {hep-ph},
  SLACcitation  = {%%CITATION = ARXIV:1412.8284;%%}
}

@conference{g-2_e_theory3,
  author    = {Nio, Makiko},
  title     = {QED tenth-order contribution to the electron anomalous magnetic
               moment and a new value of the fine-structure constant},
  address   = {Eltville, Germany},
  year      = {2015},
  publisher = {Fundamental Constants Meeting},
  url       = {http://www.bipm.org/cc/CODATA-TGFC/Allowed/2015-02/Nio.pdf},
  note      = {\url{http://www.bipm.org/cc/CODATA-TGFC/Allowed/2015-02/Nio.pdf}}
}

@article{g-2_e_Cambridge1,
  author        = {Hanneke, D. and Fogwell, S. and Gabrielse, G.},
  title         = {New Measurement of the Electron Magnetic Moment and the Fine Structure Constant},
  journal       = {Phys. Rev. Lett.},
  volume        = {100},
  year          = {2008},
  pages         = {120801},
  doi           = {10.1103/PhysRevLett.100.120801},
  eprint        = {0801.1134},
  archivePrefix = {arXiv},
  SLACcitation  = {%%CITATION = ARXIV:0801.1134;%%}
}

@article{g-2_muon_BNL,
  author        = "Bennett, G. W. and others",
  title         = "{Final Report of the Muon E821 Anomalous Magnetic Moment Measurement at BNL}",
  collaboration = "Muon g-2",
  journal       = "Phys. Rev. D",
  volume        = "73",
  year          = "2006",
  pages         = "072003",
  doi           = "10.1103/PhysRevD.73.072003",
  eprint        = "hep-ex/0602035",
  archivePrefix = "arXiv"
}

@article{g-2_muon_FNAL,
  author        = "Abi, B. and others",
  title         = "{Measurement of the Positive Muon Anomalous Magnetic Moment to 0.46 ppm}",
  collaboration = "Muon g-2",
  journal       = "Phys. Rev. Lett.",
  volume        = "126",
  number        = "14",
  year          = "2021",
  pages         = "141801",
  doi           = "10.1103/PhysRevLett.126.141801",
  reportNumber  = "FERMILAB-PUB-21-132-E",
  eprint        = "2104.03281",
  archivePrefix = "arXiv",
  primaryClass  = "hep-ex"
}

@article{g-2_lattice_QCD1,
  author        = "Borsanyi, Sz. and others",
  title         = "{Hadronic vacuum polarization contribution to the anomalous
                    magnetic moments of leptons from first principles}",
  collaboration = "Budapest-Marseille-Wuppertal",
  journal       = "Phys. Rev. Lett.",
  volume        = "121",
  number        = "2",
  year          = "2018",
  pages         = "022002",
  doi           = "10.1103/PhysRevLett.121.022002",
  eprint        = "1711.04980",
  archivePrefix = "arXiv",
  primaryClass  = "hep-lat"
}

@article{g-2_lattice_QCD2,
  author        = {Blum, T. and Boyle, P. A. and G{\"u}lpers, V. and Izubuchi, T. and Jin, L. and
                   Jung, C. and J{\"u}ttner, A. and Lehner, C. and Portelli, A. and Tsang, J. T.},
  title         = "{Calculation of the hadronic vacuum polarization
                    contribution to the muon anomalous magnetic moment}",
  collaboration = "RBC, UKQCD",
  journal       = "Phys. Rev. Lett.",
  volume        = "121",
  number        = "2",
  year          = "2018",
  pages         = "022003",
  doi           = "10.1103/PhysRevLett.121.022003",
  eprint        = "1801.07224",
  archivePrefix = "arXiv",
  primaryClass  = "hep-lat"
}

@article{g-2_lattice_QCD3,
  author        = "Meyer, Harvey B. and Wittig, Hartmut",
  title         = "{Lattice QCD and the anomalous magnetic moment of the muon}",
  journal       = "Prog. Part. Nucl. Phys.",
  volume        = "104",
  year          = "2019",
  pages         = "46",
  doi           = "10.1016/j.ppnp.2018.09.001",
  reportNumber  = "MITP/18-069, HIM-2018-03",
  eprint        = "1807.09370",
  archivePrefix = "arXiv",
  primaryClass  = "hep-lat"
}


%%%%%%%%%%%%%%%%%%%%%%%%%%%
%:  Introduction - EFTs   %
%%%%%%%%%%%%%%%%%%%%%%%%%%%

@article{Appelquist-Carazzone_theorem,
  author       = "Appelquist, Thomas and Carazzone, J.",
  title        = "{Infrared Singularities and Massive Fields}",
  journal      = "Phys. Rev. D",
  volume       = "11",
  year         = "1975",
  pages        = "2856",
  doi          = "10.1103/PhysRevD.11.2856",
  reportNumber = "Print-74-1486 (HARVARD)"
}

@article{renormalization_Wilson,
  author  = "Wilson, K. G.",
  title   = "{The renormalization group and critical phenomena}",
  journal = "Rev. Mod. Phys.",
  volume  = "55",
  year    = "1983",
  pages   = "583",
  doi     = "10.1103/RevModPhys.55.583"
}

@article{EFT_operators,
  author       = "Buchmuller, W. and Wyler, D.",
  title        = "{Effective Lagrangian Analysis of New Interactions and Flavor Conservation}",
  journal      = "Nucl. Phys. B",
  volume       = "268",
  year         = "1986",
  pages        = "621",
  doi          = "10.1016/0550-3213(86)90262-2",
  reportNumber = "CERN-TH-4254/85"
}

@article{EFT_operators_Warschaw,
  author        = "Grzadkowski, B. and Iskrzynski, M. and Misiak, M. and Rosiek, J.",
  title         = "{Dimension-Six Terms in the Standard Model Lagrangian}",
  journal       = "JHEP",
  volume        = "10",
  year          = "2010",
  pages         = "085",
  doi           = "10.1007/JHEP10(2010)085",
  reportNumber  = "IFT-9-2010, TTP10-35",
  eprint        = "1008.4884",
  archivePrefix = "arXiv",
  primaryClass  = "hep-ph"
}

@article{EFT_lecture_Manohar,
  author        = "Manohar, A. V.",
  title         = "{Effective field theories}",
  editor        = "Latal, H. and Schweiger, W.",
  journal       = "Lect. Notes Phys.",
  volume        = "479",
  year          = "1997",
  pages         = "311",
  doi           = "10.1007/BFb0104294",
  reportNumber  = "UCSD-PTH-96-04",
  eprint        = "hep-ph/9606222",
  archivePrefix = "arXiv"
}
