%%%%%%%%%%%%%%%%%%%%%%%%%
%:  Introduction - DM   %
%%%%%%%%%%%%%%%%%%%%%%%%%

@article{DM_rot1,
  author  = {Rubin, V. C. and Ford, Jr., W. K. and Thonnard, N.},
  title   = {Rotational properties of 21 SC galaxies with a large range of luminosities
             and radii, from NGC 4605 ($R = 4$ kpc) to UGC 2885 ($R = 122$ kpc)},
  journal = {Astrophysical J.},
  volume  = {283},
  year    = {1980},
  pages   = {471},
  doi     = {10.1086/158003}
}

@article{DM_rot2,
  author       = "Begeman, K. G. and Broeils, A. H. and Sanders, R. H.",
  title        = "{Extended rotation curves of spiral galaxies: Dark haloes and modified dynamics}",
  journal      = "Mon. Not. Roy. Astron. Soc.",
  volume       = "249",
  year         = "1991",
  pages        = "523",
  SLACcitation = "%%CITATION = MNRAA,249,523;%%"
}

@article{DM_rot3,
  author        = {Corbelli, E. and Salucci, P.},
  title         = {The Extended Rotation Curve and the Dark Matter Halo of M33},
  journal       = {Mon. Not. Roy. Astron. Soc.},
  volume        = {311},
  year          = {2000},
  pages         = {441},
  doi           = {10.1046/j.1365-8711.2000.03075.x},
  eprint        = {astro-ph/9909252},
  archivePrefix = {arXiv},
  primaryClass  = {astro-ph},
  SLACcitation  = {%%CITATION = ASTRO-PH/9909252;%%}
}

@article{DM_summary,
  author  = {Trimble, Virginia},
  title   = {Existence and nature of dark matter in the universe},
  journal = {Ann. Rev. Astron. Astrophys.},
  volume  = {25},
  year    = {1987},
  pages   = {425},
  doi     = {10.1146/annurev.aa.25.090187.002233}
}

@article{DM_bullet1,
  author        = {Clowe, D. and Gonzalez, A. and Markevitch, M.},
  title         = {Weak lensing mass reconstruction of the interacting cluster
                   1E0657-558: Direct evidence for the existence of dark matter},
  issn          = {0370-2693},
  journal       = {Astrophysical J.},
  volume        = {604},
  number        = {2},
  year          = {2004},
  pages         = {596},
  doi           = {10.1086/381970},
  eprint        = {astro-ph/0312273},
  archivePrefix = {arXiv},
  primaryClass  = {astro-ph},
  SLACcitation  = {%%CITATION = ARXIV:ASTRO-PH/0312273;%%}
}

@article{DM_bullet2,
  author        = {Markevitch, M. and Gonzalez, A. H. and Clowe, D. and Vikhlinin, A. and
                   David, L. and Forman, W. and Jones, C. and Murray, S. and Tucker, W.},
  title         = {Direct constraints on the dark matter self-interaction
                   cross-section from the merging galaxy cluster 1E0657-56},
  issn          = {0370-2693},
  journal       = {Astrophys. J.},
  volume        = {606},
  number        = {2},
  year          = {2004},
  pages         = {819},
  doi           = {10.1086/383178},
  eprint        = {astro-ph/0309303},
  archivePrefix = {arXiv},
  primaryClass  = {astro-ph},
  SLACcitation  = {%%CITATION = ARXIV:ASTRO-PH/0309303;%%}
}

@article{DM_bullet3,
  author        = "Clowe, Douglas and Bradac, Marusa and Gonzalez, Anthony H. and Markevitch,
                   Maxim and Randall, Scott W. and Jones, Christine and Zaritsky, Dennis",
  title         = "{A direct empirical proof of the existence of dark matter}",
  journal       = "Astrophys. J.",
  volume        = "648",
  year          = "2006",
  pages         = "L109",
  doi           = "10.1086/508162",
  reportNumber  = "SLAC-PUB-12078",
  eprint        = "astro-ph/0608407",
  archivePrefix = "arXiv",
  primaryClass  = "astro-ph",
  SLACcitation  = "%%CITATION = ASTRO-PH/0608407;%%"
}

@article{DM_nonSM,
  author        = {Bergstr{\"o}m, Lars},
  title         = {Nonbaryonic dark matter: Observational evidence and detection methods},
  journal       = {Rept. Prog. Phys.},
  volume        = {63},
  year          = {2000},
  pages         = {793},
  doi           = {10.1088/0034-4885/63/5/2r3},
  eprint        = {hep-ph/0002126},
  archivePrefix = {arXiv},
  primaryClass  = {hep-ph},
  SLACcitation  = {%%CITATION = ARXIV:HEP-PH/0002126;%%}
}

@article{Planck2013,
  author        = {Ade, P. A. R. et al.},
  title         = {Planck 2013 results},
  collaboration = {Planck},
  journal       = {Astron. Astrophys.},
  volume        = {571},
  year          = {2014},
  pages         = {A1},
  doi           = {10.1051/0004-6361/201321529},
  eprint        = {1303.5062},
  archivePrefix = {arXiv},
  primaryClass  = {astro-ph.CO},
  SLACcitation  = {%%CITATION = ARXIV:1303.5062;%%}
}

@article{Planck2015,
  author        = {Adam, R. et al.},
  title         = {Planck 2015 results},
  collaboration = {Planck},
  journal       = {Astron. Astrophys.},
  volume        = {594},
  year          = {2016},
  pages         = {A1},
  doi           = {10.1051/0004-6361/201527101},
  eprint        = {1502.01582},
  archivePrefix = {arXiv},
  primaryClass  = {astro-ph.CO},
  SLACcitation  = {%%CITATION = ARXIV:1502.01582;%%}
}

@inproceedings{DM_direct_detection,
  author        = "Cushman, P. and others",
  title         = "{Working Group Report: WIMP Dark Matter Direct Detection}",
  booktitle     = "{Proceedings, 2013 Community Summer Study on the Future of U.S. Particle Physics:
                    Snowmass on the Mississippi (CSS2013): Minneapolis, MN, USA, July 29-August 6, 2013}",
  year          = "2013",
  reportNumber  = "FERMILAB-CONF-13-688-AE",
  url           = "http://www.slac.stanford.edu/econf/C1307292/docs/CosmicFrontier/WIMPDirect-24.pdf",
  eprint        = "1310.8327",
  archivePrefix = "arXiv",
  primaryClass  = "hep-ex",
  SLACcitation  = "%%CITATION = ARXIV:1310.8327;%%"
}

@article{DM_indirect_detection,
  author        = "Bertone, Gianfranco and Hooper, Dan and Silk, Joseph",
  title         = "{Particle dark matter: Evidence, candidates and constraints}",
  journal       = "Phys. Rept.",
  volume        = "405",
  year          = "2005",
  pages         = "279",
  doi           = "10.1016/j.physrep.2004.08.031",
  reportNumber  = "FERMILAB-PUB-04-047-A",
  eprint        = "hep-ph/0404175",
  archivePrefix = "arXiv",
  primaryClass  = "hep-ph",
  SLACcitation  = "%%CITATION = HEP-PH/0404175;%%"
}

@article{DM_colliders,
  author        = "Askew, Andrew and Chauhan, Sushil and Penning,
                   Bjorn and Shepherd, William and Tripathi, Mani",
  title         = "{Searching for Dark Matter at Hadron Colliders}",
  journal       = "Int. J. Mod. Phys. A",
  volume        = "29",
  year          = "2014",
  pages         = "1430041",
  doi           = "10.1142/S0217751X14300415",
  reportNumber  = "FERMILAB-PUB-14-257-E",
  eprint        = "1406.5662",
  archivePrefix = "arXiv",
  primaryClass  = "hep-ph",
  SLACcitation  = "%%CITATION = ARXIV:1406.5662;%%"
}

@article{DM_colliders_summary,
  author        = "Penning, Bj{\"{o}}orn",
  title         = "{The pursuit of dark matter at colliders-an overview}",
  journal       = "J. Phys. G",
  volume        = "45",
  number        = "6",
  year          = "2018",
  pages         = "063001",
  doi           = "10.1088/1361-6471/aabea7",
  eprint        = "1712.01391",
  archivePrefix = "arXiv",
  primaryClass  = "hep-ex",
  SLACcitation  = "%%CITATION = ARXIV:1712.01391;%%"
}

@article{DM_relic_density,
  author       = "Griest, Kim and Seckel, David",
  title        = "{Three exceptions in the calculation of relic abundances}",
  journal      = "Phys. Rev. D",
  volume       = "43",
  year         = "1991",
  pages        = "3191",
  doi          = "10.1103/PhysRevD.43.3191",
  reportNumber = "CFPA-TH-90-001A, BA-90-79",
  SLACcitation = "%%CITATION = PHRVA,D43,3191;%%"
}


%%%%%%%%%%%%%%%%%%%%%%%%%%%
%:  Introduction - SUSY   %
%%%%%%%%%%%%%%%%%%%%%%%%%%%

@article{SUSY1,
  author       = {Wess, J. and Zumino, B.},
  title        = {{Supergauge transformations in four dimensions}},
  bdsk-url-1   = {http://dx.doi.org/10.1016/0550-3213(74)90355-1},
  journal      = {Nucl. Phys. B},
  volume       = {70},
  year         = {1974},
  pages        = {39},
  doi          = {10.1016/0550-3213(74)90355-1},
  SLACcitation = {%%CITATION = NUPHA,B70,39;%%}
}

@article{MSSM1,
  author       = {Fayet, Pierre},
  title        = {{Supergauge Invariant Extension of the Higgs Mechanism
                   and a Model for the electron and Its Neutrino}},
  journal      = {Nucl. Phys. B},
  volume       = {90},
  year         = {1975},
  pages        = {104},
  doi          = {10.1016/0550-3213(75)90636-7},
  reportNumber = {PTENS-74-7},
  SLACcitation = {%%CITATION = NUPHA,B90,104;%%}
}

@article{MSSM3,
  author       = {Fayet, Pierre},
  title        = {{Supersymmetry and Weak, Electromagnetic and Strong Interactions}},
  journal      = {Phys. Lett. B},
  volume       = {64},
  year         = {1976},
  pages        = {159},
  doi          = {10.1016/0370-2693(76)90319-1},
  reportNumber = {PTENS 76/14},
  SLACcitation = {%%CITATION = PHLTA,64B,159;%%}
}

@article{MSSM4,
  author       = {Fayet, Pierre},
  title        = {{Spontaneously Broken Supersymmetric Theories of
                   Weak, Electromagnetic and Strong Interactions}},
  journal      = {Phys. Lett. B},
  volume       = {69},
  year         = {1977},
  pages        = {489},
  doi          = {10.1016/0370-2693(77)90852-8},
  reportNumber = {LPTENS 77/11},
  SLACcitation = {%%CITATION = PHLTA,69B,489;%%}
}

@article{2HDM1,
  author       = {Lee, T. D.},
  title        = {A Theory of Spontaneous {$T$} Violation},
  journal      = {Phys. Rev. D},
  volume       = {8},
  year         = {1973},
  pages        = {1226},
  doi          = {10.1103/PhysRevD.8.1226},
  SLACcitation = {%%CITATION = PHRVA,D8,1226;%%}
}

@article{2HDM2,
  author       = {Deshpande, N. G. and Ma, E.},
  title        = {Pattern of Symmetry Breaking with Two {Higgs} Doublets},
  journal      = {Phys. Rev. D},
  volume       = {18},
  year         = {1978},
  pages        = {2574},
  doi          = {10.1103/PhysRevD.18.2574},
  reportNumber = {OITS-81},
  SLACcitation = {%%CITATION = PHRVA,D18,2574;%%}
}

@article{2HDM3,
  author  = {Haber, H. E. and Kane, G. L. and Sterling, T.},
  title   = {The fermion mass scale and possible effects of {Higgs} bosons on experimental observables},
  journal = {Nucl. Phys. B},
  volume  = {161},
  year    = {1979},
  pages   = {493},
  doi     = {10.1016/0550-3213(79)90225-6}
}

@article{2HDM4,
  author        = {Branco, G. C. and Ferreira, P. M. and Lavoura, L. and
                   Rebelo, M. N. and Sher, Marc and Silva, Joao P.},
  title         = {{Theory and phenomenology of two-Higgs-doublet models}},
  journal       = {Phys. Rept.},
  volume        = {516},
  year          = {2012},
  pages         = {1},
  doi           = {10.1016/j.physrep.2012.02.002},
  eprint        = {1106.0034},
  archivePrefix = {arXiv},
  primaryClass  = {hep-ph},
  SLACcitation  = {%%CITATION = ARXIV:1106.0034;%%}
}

@book{2HDM5,
  author    = {Gunion, John F. and Haber, Howard E. and Kane, Gordon L. and Dawson, Sally},
  title     = {The Higgs hunter's guide},
  volume    = {80},
  year      = {2000},
  series    = {Frontiers in Physics},
  publisher = {Perseus Books}
}

@article{2HDM_8TeV,
  author        = {Bernon, Jeremy and Gunion, John F. and Jiang, Yun and Kraml, Sabine},
  title         = {{Light Higgs bosons in Two-Higgs-Doublet Models}},
  journal       = {Phys. Rev. D},
  volume        = {19},
  year          = {2015},
  pages         = {075019},
  doi           = {10.1103/PhysRevD.91.075019},
  eprint        = {1412.3385},
  archivePrefix = {arXiv},
  primaryClass  = {hep-ph},
  SLACcitation  = {%%CITATION = ARXIV:1412.3385;%%}
}


%%%%%%%%%%%%%%%%%%%%%%%%%%%%%%%%%%%
%:  Introduction - Pseudoscalar   %
%%%%%%%%%%%%%%%%%%%%%%%%%%%%%%%%%%%

@article{pseudoscalar_8TeV,
  author        = "Khachatryan, Vardan and others",
  title         = "{Search for a low-mass pseudoscalar Higgs boson produced in association
                    with a $b\bar{b}$ pair in $pp$ collisions at $\sqrt{s} =$ 8 TeV}",
  collaboration = "CMS",
  journal       = "Phys. Lett. B",
  volume        = "758",
  year          = "2016",
  pages         = "296",
  doi           = "10.1016/j.physletb.2016.05.003",
  reportNumber  = "CMS-HIG-14-033, CERN-PH-EP-2015-284",
  eprint        = "1511.03610",
  archivePrefix = "arXiv",
  primaryClass  = "hep-ex",
  SLACcitation  = "%%CITATION = ARXIV:1511.03610;%%"
}

@article{pseudoscalar_8TeV_all,
  author        = {Khachatryan, V. and others},
  title         = {{Search for light bosons in decays of the 125 GeV Higgs
                    boson in proton-proton collisions at $ \sqrt{s}=8 $ TeV}},
  collaboration = {CMS},
  journal       = {JHEP},
  volume        = {10},
  year          = {2017},
  pages         = {076},
  doi           = {10.1007/JHEP10(2017)076},
  reportNumber  = "CMS-HIG-16-015, CERN-EP-2016-292",
  eprint        = {1701.02032},
  archivePrefix = {arXiv},
  primaryClass  = {hep-ph},
  SLACcitation  = {%%CITATION = ARXIV:1701.02032;%%}
}

@article{pseudoscalar_13TeV_mumutautau,
  author        = "Sirunyan, Albert M and others",
  title         = "{Search for an exotic decay of the Higgs boson to a pair of light
                    pseudoscalars in the final state of two muons and two $\tau$
                    leptons in proton-proton collisions at $ \sqrt{s}=13 $ TeV}",
  collaboration = "CMS",
  journal       = "JHEP",
  volume        = "11",
  year          = "2018",
  pages         = "018",
  doi           = "10.1007/JHEP11(2018)018",
  reportNumber  = "CMS-HIG-17-029, CERN-EP-2018-078",
  eprint        = "1805.04865",
  archivePrefix = "arXiv",
  primaryClass  = "hep-ex",
  SLACcitation  = "%%CITATION = ARXIV:1805.04865;%%"
}

@article{pseudoscalar_13TeV,
  author        = {Sirunyan, Albert M and others},
  title         = {{Search for an exotic decay of the Higgs boson to a pair of light
                    pseudoscalars in the final state with two b quarks and two $\tau$
                    leptons in proton-proton collisions at $\sqrt{s}=$ 13 TeV}},
  collaboration = {CMS},
  journal       = {Phys. Lett. B},
  volume        = {785},
  year          = {2018},
  pages         = {462},
  doi           = {10.1016/j.physletb.2018.08.057},
  reportNumber  = {CMS-HIG-17-024, CERN-EP-2018-089},
  eprint        = {1805.10191},
  archivePrefix = {arXiv},
  primaryClass  = {hep-ex},
  SLACcitation  = {%%CITATION = ARXIV:1805.10191;%%}
}

@article{pseudoscalar_8TeV_ATLAS_mumutautau,
  author        = "Aad, Georges and others",
  title         = "{Search for Higgs bosons decaying to $aa$ in the $\mu\mu\tau\tau$ final
                    state in $pp$ collisions at $\sqrt{s} = $ 8 TeV with the ATLAS experiment}",
  collaboration = "ATLAS",
  journal       = "Phys. Rev. D",
  volume        = "92",
  year          = "2015",
  pages         = "052002",
  doi           = "10.1103/PhysRevD.92.052002",
  reportNumber  = "CERN-PH-EP-2015-057",
  eprint        = "1505.01609",
  archivePrefix = "arXiv",
  primaryClass  = "hep-ex",
  SLACcitation  = "%%CITATION = ARXIV:1505.01609;%%"
}

@article{pseudoscalar_8TeV_CMS_bbmumu,
  author        = {Sirunyan, A. M. and others},
  title         = {{Search for a light pseudoscalar Higgs boson produced in association
                    with bottom quarks in pp collisions at $\sqrt{s}=8 $ TeV}},
  collaboration = {CMS},
  journal       = {JHEP},
  volume        = {11},
  year          = {2017},
  doi           = {10.1007/JHEP11(2017)010},
  reportNumber  = {CMS-HIG-15-009, CERN-EP-2017-159},
  eprint        = {1707.07283},
  archivePrefix = {arXiv},
  primaryClass  = {hep-ex},
  SLACcitation  = {%%CITATION = ARXIV:1707.07283;%%}
}

@article{pseudoscalar_13TeV_ATLAS_bbmumu,
  author        = "Aaboud, Morad and others",
  title         = "{Search for Higgs boson decays into a pair of light bosons in the $bb\mu\mu$
                    final state in $pp$ collision at $\sqrt{s} = $13 TeV with the ATLAS detector}",
  collaboration = "ATLAS",
  journal       = "Phys. Lett. B",
  volume        = "790",
  year          = "2019",
  pages         = "1",
  doi           = "10.1016/j.physletb.2018.10.073",
  reportNumber  = "CERN-EP-2018-153",
  eprint        = "1807.00539",
  archivePrefix = "arXiv",
  primaryClass  = "hep-ex",
  SLACcitation  = "%%CITATION = ARXIV:1807.00539;%%"
}

@article{pseudoscalar_13TeV_ATLAS_4b,
  author        = "Aaboud, M. and others",
  title         = "{Search for the Higgs boson produced in association with a vector boson and
                    decaying into two spin-zero particles in the $H \rightarrow aa \rightarrow 4b$
                    channel in $pp$ collisions at $\sqrt{s} = 13$ TeV with the ATLAS detector}",
  collaboration = "ATLAS",
  journal       = "JHEP",
  volume        = "10",
  year          = "2018",
  pages         = "031",
  doi           = "10.1007/JHEP10(2018)031",
  reportNumber  = "CERN-EP-2018-128",
  eprint        = "1806.07355",
  archivePrefix = "arXiv",
  primaryClass  = "hep-ex",
  SLACcitation  = "%%CITATION = ARXIV:1806.07355;%%"
}

@article{pseudoscalar_8TeV_ATLAS_4l,
  author        = "Aad, Georges and others",
  title         = "{Search for new light gauge bosons in Higgs boson decays to four-lepton final
                    states in $pp$ collisions at $\sqrt{s}=8$ TeV with the ATLAS detector at the LHC}",
  collaboration = "ATLAS",
  journal       = "Phys. Rev. D",
  volume        = "92",
  year          = "2015",
  pages         = "092001",
  doi           = "10.1103/PhysRevD.92.092001",
  reportNumber  = "CERN-PH-EP-2015-111",
  eprint        = "1505.07645",
  archivePrefix = "arXiv",
  primaryClass  = "hep-ex",
  SLACcitation  = "%%CITATION = ARXIV:1505.07645;%%"
}

@article{pseudoscalar_13TeV_ATLAS_4l,
  author        = "Aaboud, Morad and others",
  title         = "{Search for Higgs boson decays to beyond-the-Standard-Model light bosons
                    in four-lepton events with the ATLAS detector at $\sqrt{s}=13$ TeV}",
  collaboration = "ATLAS",
  journal       = "JHEP",
  volume        = "06",
  year          = "2018",
  pages         = "166",
  doi           = "10.1007/JHEP06(2018)166",
  reportNumber  = "CERN-EP-2017-293",
  eprint        = "1802.03388",
  archivePrefix = "arXiv",
  primaryClass  = "hep-ex",
  SLACcitation  = "%%CITATION = ARXIV:1802.03388;%%"
}

@article{pseudoscalar_8TeV_ATLAS_4g,
  author        = "Aad, Georges and others",
  title         = "{Search for new phenomena in events with at least three photons collected
                    in $pp$ collisions at $\sqrt{s}$ = 8 TeV with the ATLAS detector}",
  collaboration = "ATLAS",
  journal       = "Eur. Phys. J. C",
  volume        = "76",
  year          = "2016",
  pages         = "210",
  doi           = "10.1140/epjc/s10052-016-4034-8",
  reportNumber  = "CERN-PH-EP-2015-187",
  eprint        = "1509.05051",
  archivePrefix = "arXiv",
  primaryClass  = "hep-ex",
  SLACcitation  = "%%CITATION = ARXIV:1509.05051;%%"
}


%%%%%%%%%%%%%%%%%%%%%%%%%%
%:  Introduction - VLQ   %
%%%%%%%%%%%%%%%%%%%%%%%%%%

@article{hierarchy_problem_VLQ,
  author        = {Berger, Joshua and Hubisz, Jay and Perelstein, Maxim},
  title         = {A Fermionic Top Partner: Naturalness and the LHC},
  journal       = {JHEP},
  volume        = {07},
  year          = {2012},
  pages         = {016},
  doi           = {10.1007/JHEP07(2012)016},
  eprint        = {1205.0013},
  archivePrefix = {arXiv},
  primaryClass  = {hep-ph},
  SLACcitation  = {%%CITATION = HEP-PH/1205.0013;%%}
}

@article{VLQ1,
  author        = {Aguilar-Saavedra, J. A. and Benbrik, R. and Heinemeyer, S. and P{\'e}rez-Victoria, M.},
  title         = {Handbook of vectorlike quarks: Mixing and single production},
  journal       = {Phys. Rev. D},
  volume        = {88},
  year          = {2013},
  pages         = {094010},
  doi           = {10.1103/PhysRevD.88.094010},
  eprint        = {1306.0572},
  archivePrefix = {arXiv},
  primaryClass  = {hep-ph},
  SLACcitation  = {%%CITATION = ARXIV:1306.0572;%%}
}

@article{VLQ2,
  author        = {Graham, P. W. and Ismail, A. and Rajendran, S. and Saraswat, P.},
  title         = {{Little solution to the little hierarchy problem: A vectorlike generation}},
  journal       = {Phys. Rev. D},
  volume        = {81},
  year          = {2010},
  pages         = {055016},
  doi           = {10.1103/PhysRevD.81.055016},
  reportNumber  = {SLAC-PUB-14931, MIT-CTP-4078},
  eprint        = {0910.3020},
  archivePrefix = {arXiv},
  primaryClass  = {hep-ph},
  SLACcitation  = {%%CITATION = ARXIV:0910.3020;%%}
}

@article{VLQ_LHC1,
  author        = {Angelescu, Andrei and Djouadi, Abdelhak and Moreau, Gr{\'e}gory},
  title         = {{Vector-like top/bottom quark partners and Higgs physics at the LHC}},
  journal       = {Eur. Phys. J. C},
  volume        = {76},
  year          = {2016},
  pages         = {99},
  doi           = {10.1140/epjc/s10052-016-3950-y},
  eprint        = {1510.07527},
  archivePrefix = {arXiv},
  primaryClass  = {hep-ph},
  SLACcitation  = {%%CITATION = ARXIV:1510.07527;%%}
}

@article{VLQ_LHC2,
  author        = {Okada, Yasuhiro and Panizzi, Luca},
  title         = "{LHC signatures of vector-like quarks}",
  journal       = {Adv. High Energy Phys.},
  volume        = {2013},
  year          = {2013},
  pages         = {364936},
  doi           = {10.1155/2013/364936},
  eprint        = {1207.5607},
  archivePrefix = {arXiv},
  primaryClass  = {hep-ph},
  SLACcitation  = {%%CITATION = ARXIV:1207.560;%%}
}


%%%%%%%%%%%%%%%%%%%%%%%%%%%%%%%
%:  Introduction - Low mass   %
%%%%%%%%%%%%%%%%%%%%%%%%%%%%%%%

@article{lowmassZ1,
  author        = {Kamenik, J. F. and Soreq, Y. and Zupan, J.},
  title         = {Lepton flavor universality violation without new sources of quark flavor violation},
  year          = {2017},
  eprint        = {1704.06005},
  archivePrefix = {arXiv},
  primaryClass  = {hep-ph},
  SLACcitation  = {%%CITATION = ARXIV:1704.06005;%%}
}

@article{lowmassZ2,
  author        = {Altmannshofer, Wolfgang and Gori, Stefania and Profumo, Stefano and Queiroz, Farinaldo S.},
  title         = {Explaining dark matter and B decay anomalies with an $L_\mu - L_\tau$ model},
  journal       = {JHEP},
  volume        = {12},
  year          = {2016},
  pages         = {106},
  doi           = {10.1007/JHEP12(2016)106},
  eprint        = {1609.04026},
  archivePrefix = {arXiv},
  primaryClass  = {hep-ph},
  SLACcitation  = {%%CITATION = ARXIV:1609.04026;%%}
}

@article{lowmassZ3,
  author        = {Ko, P. and Li, J. and Yu, C.},
  title         = {Implication of the ALEPH 30 GeV dimuon resonance at the LHC},
  year          = {2016},
  eprint        = {1610.07526},
  archivePrefix = {arXiv},
  primaryClass  = {hep-ph},
  SLACcitation  = {%%CITATION = ARXIV:1610.07526;%%}
}

@article{lowmass_2HDM,
  author        = {Lane, Kenneth and Pritchett, Lukas},
  title         = {{The $30\,\text{GeV}$ Dimuon Excess at ALEPH}},
  year          = {2017},
  eprint        = {1701.07376},
  archivePrefix = {arXiv},
  primaryClass  = {hep-ph},
  SLACcitation  = {%%CITATION = ARXIV:1701.07376;%%}
}

@article{Dalchenko:2017shg,
  author        = "Abdullah, Mohammad and Dalchenko, Mykhailo and Dutta, Bhaskar and Eusebi, Ricardo
                   and Huang, Peisi and Kamon, Teruki and Rathjens, Denis and Thompson, Adrian",
  title         = "{Bottom-quark fusion processes at the LHC for probing
                    Z$^{'}$ models and $B$-meson decay anomalies}",
  journal       = "Phys. Rev. D",
  volume        = "97",
  year          = "2018",
  pages         = "075035",
  doi           = "10.1103/PhysRevD.97.075035",
  eprint        = "1707.07016",
  archivePrefix = "arXiv",
  primaryClass  = "hep-ph",
  SLACcitation  = "%%CITATION = ARXIV:1707.07016;%%"
}

@article{dimuon_CMS,
  author        = {Sirunyan, Albert M and others},
  title         = {{Search for resonances in the mass spectrum of muon pairs produced in association
                    with b quark jets in proton-proton collisions at $\sqrt{s} =$ 8 and 13 TeV}},
  collaboration = {CMS},
  journal       = {JHEP},
  volume        = {11},
  year          = {2018},
  pages         = {161},
  doi           = {10.1007/JHEP11(2018)161},
  reportNumber  = {CMS-HIG-16-017, CERN-EP-2018-204},
  eprint        = {1808.01890},
  archivePrefix = {arXiv},
  primaryClass  = {hep-ph},
  SLACcitation  = {%%CITATION = ARXIV:1808.01890;%%}
}
http://cms.cern.ch/iCMS/jsp/analysis/admin/getcfile.jsp?file=next&comment=5121

@article{dimuon_ALEPH,
  author        = {Heister, Arno},
  title         = {Observation of an excess at $30\,\text{GeV}$ in the opposite sign di-muon spectra of $\text{Z}
                   \to \text{b}\overline{\text{b}} + \text{X}$ events recorded by the ALEPH experiment at LEP},
  year          = {2016},
  eprint        = {1610.06536},
  archivePrefix = {arXiv},
  primaryClass  = {hep-ph},
  SLACcitation  = {%%CITATION = ARXIV:1610.06536;%%}
}

@article{Z_Bi,
  author        = {Cousins, R. D. and Linnemann, J. T. and Tucker, J.},
  title         = {Evaluation of three methods for calculating statistical significance when incorporating a
                   systematic uncertainty into a test of the background-only hypothesis for a Poisson process},
  journal       = {Nucl.Instrum. Meth. A},
  volume        = {595},
  year          = {2007},
  pages         = {480},
  doi           = {10.1016/j.nima.2008.07.086},
  eprint        = {physics/0702156},
  archivePrefix = {arXiv},
  primaryClass  = {physics.data-an},
  SLACcitation  = {%%CITATION = ARXIV:0702156;%%}
}


%%%%%%%%%%%%%%%%%%%%%%%%%%%%%%%
%:  Introduction - HIDDEN VALLEY   %
%%%%%%%%%%%%%%%%%%%%%%%%%%%%%%%
%https://arxiv.org/abs/1106.2064
%https://arxiv.org/abs/1112.2705

@article{DFM1,
  author        = {Kong, K. and Lee, H.~S. and Park, M.},
  title         = {Dark decay of the top quark},
  journal       = {Phys. Rev. D},
  volume        = {89},
  year          = {2014},
  pages         = {074007},
  doi           = {10.1103/PhysRevD.89.074007},
  eprint        = {1401.5020},
  archivePrefix = {arXiv},
  primaryClass  = {hep-ph},
  SLACcitation  = {%%CITATION = ARXIV:1401.5020;%%}
}

@article{HVM1,
  author        = {Matthew, J. Strassler and Zurek, K. M.},
  title         = {Echoes of a hidden valley at hadron colliders},
  issn          = {0370-2693},
  abstract      = {{We consider examples of hidden-valley models, in which a new confining gauge group is
                    added to the standard model. Such models often arise in string constructions, and elsewhere.
                    The resulting (electrically-neutral) bound states can have low masses and long lifetimes,
                    and could be observed at the LHC and Tevatron. Production multiplicities are often large.
                    Final states with heavy flavor are common; lepton pairs, displaced vertices and/or missing
                    energy are possible. Accounting for LEP constraints, we find LHC production cross-sections
                    typically in the 1-100 fb range, though they can be larger. It is possible the Higgs boson
                    could be discovered at the Tevatron through rare decays to the new particles.}},
  journal       = {Phys. Lett. B},
  volume        = {651},
  year          = {2007},
  pages         = {374},
  doi           = {10.1016/j.physletb.2007.06.055},
  eprint        = {hep-ph/0604261},
  archivePrefix = {arXiv},
  primaryClass  = {hep-ph},
  SLACcitation  = {%%CITATION = ARXIV:HEP-PH/0604261;%%}
}

@article{HVM2,
  author        = {Han, T. and Si, Z. and Zurek, K. M. and Strassler, M. J.},
  title         = {Phenomenology of Hidden Valleys at Hadron Colliders},
  issn          = {0370-2693},
  journal       = {JHEP},
  volume        = {07},
  year          = {2008},
  pages         = {008},
  doi           = {10.1088/1126-6708/2008/07/008},
  eprint        = {0712.2041},
  archivePrefix = {arXiv},
  primaryClass  = {hep-ph},
  SLACcitation  = {%%CITATION = ARXIV:HEP-PH/0712.2041;%%}
}

@article{FCNC1,
  author        = {Jung, S. and Murayama, H. and Pierce, A. and Wells, J. D.},
  title         = {Top quark forward-backward asymmetry from new $t$-channel physics},
  journal       = {Phys. Rev. D},
  volume        = {81},
  year          = {2010},
  pages         = {015004},
  doi           = {10.1103/PhysRevD.81.015004},
  eprint        = {0907.4112},
  archivePrefix = {arXiv},
  primaryClass  = {hep-ph},
  SLACcitation  = {%%CITATION = ARXIV:HEP-PH/0907.4112;%%}
}

@article{heavyB1,
  author        = {Choudhury, D. and Tait, T. M. P. and Wagner, C. E. M.},
  title         = {Beautiful Mirrors and Precision Electroweak Data},
  issue         = {5},
  journal       = {Phys. Rev. D},
  volume        = {65},
  year          = {2002},
  pages         = {053002},
  doi           = {10.1103/PhysRevD.65.053002},
  eprint        = {0109097},
  archivePrefix = {arXiv},
  primaryClass  = {hep-ph},
  SLACcitation  = {%%CITATION = ARXIV:HEP-PH/0109097;%%}
}
